2328 3870
280 199 396 260 LIBER
409 201 483 262 XLI.
507 197 590 260 enh.
605 207 631 266 7.
643 211 671 265 θ.
693 207 777 276 [aie.
789 209 851 277 178]
990 203 1052 268 109

1 401 2 412 ,
152 351 219 411 Vll.
240 351 398 428 thiumphi
415 351 526 414 duride
542 370 582 414 ex
592 353 742 430 Hispania
756 356 818 418 duo
833 358 967 419 continui
982 362 1050 420 acti.

77 433 528 513 priorSemproniusGracchus
544 439 583 498 de
591 437 749 500 celtiberis
764 441 920 516 sociisque
935 457 1050 518 eornm,

1 529 2 594 ᾗ
78 528 194 596 postero
216 520 268 579 die
289 515 322 579 t.
337 516 512 582 Postumius
532 522 571 582 dc
585 522 740 585 Lusitanis
763 525 894 601 allisque
914 527 1052 586 eiusdem

1 596 2 644 t
77 603 202 679 regionis
224 603 372 679 Hispanis
395 603 599 682 triumphavit.
630 608 831 683 quadraginta
850 609 933 670 milia
947 609 1052 686 pondo

53 741 57 754 ‚
74 688 183 762 argenti
197 687 243 748 ti.
257 687 416 748 Gracchus
431 689 598 764 transtulit,
620 689 726 767 viginti
740 692 822 751 millu
835 693 976 754 Albinus.
994 696 1052 753 mi-

75 772 170 832 litibus
196 771 343 833 denarios
362 772 474 848 quinos
495 775 637 849 vicenos,
662 776 777 851 duplex
799 778 985 852 centurioni,
1002 778 1053 839 tri·

74 857 141 1000 1plen
159 855 256 931 equiti
276 856 368 917 ambo
388 857 573 929 diviserunh
596 859 690 920 sociis
705 861 890 921 tantumdem
905 869 1052 939 quantum

1 961 2 988 r
99 953 224 1000 omanis.

151 1023 209 1084 Per
228 1023 358 1085 eosdem
381 1025 459 1086 lorte
478 1026 547 1086 dies
566 1026 607 1087 Μ.
624 1025 729 1086 lunius
747 1029 857 1088 consul
878 1045 918 1088 ex
937 1028 1053 1090 Histria

73 1107 259 1170 comitiorum
276 1123 372 1170 causa
387 1109 517 1171 Romam
532 1112 622 1171 venit.
651 1125 719 1170 eum
733 1125 803 1171 cum
816 1112 846 1170 in
863 1118 972 1173 senatu
986 1114 1052 1174 iati-

73 1199 195 1266 gassent
215 1191 505 1267 interrogationibus
526 1193 637 1256 tribuni
659 1194 757 1269 piebis
774 1194 915 1270 Papirius
930 1204 961 1257 et
975 1195 1053 1255 Lici·

72 1277 137 1337 nius
147 1277 188 1336 de
200 1275 260 1351 his,
275 1292 356 1352 quae
368 1276 397 1336 in
407 1274 524 1339 Histria
535 1285 641 1339 essent
654 1284 732 1352 aeta,
747 1277 776 1338 in
789 1279 962 1340 contionem
975 1295 1053 1355 quo·

75 1358 129 1435 que
148 1361 372 1437 produxerunt.
403 1363 540 1438 adquae
559 1377 628 1424 curn
646 1364 754 1423 consul
772 1377 806 1422 se
820 1363 888 1423 dies
903 1379 965 1434 non
981 1365 1051 1440 plus

73 1444 211 1506 undecim
228 1446 258 1504 in
274 1461 312 1504 ea
328 1445 487 1520 provincia
502 1448 599 1508 luisse
613 1449 832 1523 responderem
857 1463 937 1524 quae
951 1463 987 1508 se
998 1446 1050 1506 ab·

73 1535 152 1588 sente
167 1537 238 1588 acta
250 1535 366 1603 essent,
381 1545 416 1590 se
431 1546 565 1606 quoque,
580 1538 614 1591 ut
628 1531 708 1605 illos,
725 1533 806 1592 lama
823 1542 980 1608 comperta
997 1530 1050 1589 ha-

72 1611 154 1682 herm
185 1613 439 1688 exsequebantur
460 1615 574 1676 deinde
603 1623 800 1690 quaerentes,
828 1617 901 1692 quid
927 1616 968 1675 ita
988 1629 1050 1674 non

1 1728 2 1757 r
72 1696 170 1770 potius
186 1700 225 1757 Α.
242 1696 374 1757 Manlius
391 1699 520 1759 Rumam
537 1699 685 1777 venisset,
699 1706 732 1759 ut
746 1699 895 1759 rationem
910 1699 1053 1758 redderet

71 1783 183 1856 populo
198 1781 354 1856 Romano,
378 1797 432 1842 cur
453 1797 491 1842 ex
509 1783 605 1843 Gallia
620 1782 793 1857 provincia,
818 1799 909 1858 quam
927 1783 1051 1842 sortitus

68 1871 163 1936 esset,
185 1864 218 1924 in
233 1865 378 1925 Histriam
398 1866 574 1927 transisset:
598 1865 721 1941 quando
742 1865 774 1925 id
793 1866 904 1926 bellum
926 1873 1052 1924 senatus

68 1949 273 2022 decrevisset,
298 1949 422 2024 quando
445 1950 485 2022 [id
510 1951 634 2022 bellum]
658 1952 793 2025 populus
810 1951 967 2010 Romanus
989 1950 1050 2009 ius·

67 2033 166 2094 sisset.
197 2042 230 2094 ut
248 2033 372 2095 hercule
392 2033 513 2109 privato
534 2033 656 2110 quidem
678 2033 804 2094 consilio
820 2034 931 2093 bellum
945 2049 1051 2093 susce-

68 2122 149 2190 ptum
161 2132 245 2188 esse,
264 2118 320 2176 sed
330 2126 449 2192 gestum
463 2116 628 2192 prudenter
638 2119 826 2194 fortiterque.
848 2117 940 2179 immo
951 2126 1052 2178 utrum

68 2208 249 2277 susceptum
269 2202 309 2262 sit
330 2202 461 2277 nequius
483 2217 521 2262 an
536 2201 737 2263 inconsultius
754 2210 890 2277 gestum,
912 2201 974 2262 dici
988 2217 1051 2262 non

67 2287 172 2358 posse.
195 2286 346 2346 stationes
363 2287 440 2347 duas
455 2287 675 2361 necopinantes
693 2287 732 2346 ab
744 2286 856 2347 llistris
872 2301 1051 2362 oppressas,

67 2377 168 2430 castra
189 2371 331 2432 Romana
352 2376 456 2446 capta,
478 2371 562 2446 quod
584 2371 734 2445 peditum,
757 2370 842 2445 quod
863 2371 999 2445 equitnm
1020 2371 1051 2429 in

68 2455 176 2514 castris
203 2455 296 2514 luerit
321 2469 455 2514 caesum.
488 2462 608 2515 ceteros
633 2455 764 2514 inermes
789 2455 955 2528 lususque,
982 2460 1053 2512 ante

68 2551 174 2598 omnes
196 2539 356 2599 consulem
379 2539 496 2614 ipsum,
518 2539 556 2598 ad
572 2553 655 2598 mare
674 2553 710 2598 ac
724 2553 820 2597 naves
836 2538 963 2612 tragisse.
991 2537 1051 2609 pri·

67 2626 168 2700 vatum
191 2622 341 2682 rationem
359 2622 548 2683 redditurum
562 2637 667 2682 earum
681 2635 781 2680 rerum
798 2635 885 2694 esse,
908 2619 1051 2695 quonlam

69 2707 177 2766 consul
192 2707 354 2768 noluisset.

148 2789 232 2851 VllI.
256 2789 384 2852 Comitia
399 2789 509 2850 deinde
525 2789 639 2851 habita.
662 2789 804 2849 consules
816 2787 909 2849 creati
921 2786 952 2850 C.
965 2786 1052 2850 Clau·

69 2869 135 2932 dius
157 2874 292 2936 Pulcher
309 2876 353 2934 ti.
376 2873 576 2950 Sempronius
603 2872 770 2934 Gracchus.
805 2880 834 2932 et
856 2877 980 2947 postero
1003 2871 1053 2932 die

69 2965 228 3027 praetores
246 2959 318 3018 lacti
331 2957 363 3016 P.
380 2959 486 3018 Aelius
501 2959 621 3019 Tubero
640 2958 747 3019 iterum
764 2957 795 3016 c,
813 2957 970 3031 Quinctius
985 2957 1052 3017 Fla-

69 3037 200 3103 mininus
217 3043 247 3102 C.
261 3041 417 3102 Numisius
435 3042 467 3100 L.
480 3043 643 3102 Mummius
659 3039 711 3102 Cn.
724 3042 883 3103 Cornelius
898 3039 1003 3118 Scipio
1021 3041 1051 3101 c.

69 3119 211 3186 Valerius
228 3126 393 3186 Laevinus.
417 3125 569 3186 Tuberoni
585 3126 703 3186 urbana
719 3125 897 3197 iurisdictio,
914 3125 1052 3200 Quinctio

71 3212 230 3284 peregrina
245 3210 354 3282 evenit,
374 3209 510 3270 Numisio
526 3208 638 3284 Sicilia,
653 3209 799 3270 Mummio
816 3207 973 3270 Sardinia=
996 3206 1053 3266 sed

69 3301 105 3348 ea
118 3300 248 3368 propter
262 3293 334 3353 belli
349 3289 588 3368 magnitudinem
604 3291 766 3370 provincia
780 3293 951 3354 consularis
963 3292 1051 3349 lacta.

70 3371 227 3437 Gracchus
242 3391 311 3437 earn
326 3377 461 3452 sortitur,
475 3376 622 3438 Histriam
637 3377 791 3438 Claudius.
813 3375 918 3450 Scipio
935 3381 965 3431 et
977 3373 1052 3430 Lae·

69 3451 157 3520 rinus
171 3461 299 3522 Galliam
313 3462 343 3521 in
360 3463 438 3523 duas
454 3461 584 3523 divisam
595 3461 771 3537 provincias
783 3457 880 3517 sortiti
897 3463 976 3512 sunt.
996 3453 1052 3511 idi-
