<?xml version="1.0" encoding="UTF-8"?>
<!DOCTYPE html PUBLIC "-//W3C//DTD XHTML 1.0 Transitional//EN"
    "http://www.w3.org/TR/xhtml1/DTD/xhtml1-transitional.dtd">
<html xmlns="http://www.w3.org/1999/xhtml" xml:lang="en" lang="en">
 <head>
  <title>
</title>
<meta http-equiv="Content-Type" content="text/html;charset=utf-8" />
  <meta name='ocr-system' content='tesseract 3.04.00' />
  <meta name='ocr-capabilities' content='ocr_page ocr_carea ocr_par ocr_line ocrx_word'/>
</head>
<body>
  <div class='ocr_page' id='page_1' title='image "./titiliviaburbec01livygoog_0188.png"; bbox 0 0 2364 3862; ppageno 0'>
   <div class='ocr_carea' id='block_1_1' title="bbox 185 168 998 248">
    <p class='ocr_par' dir='ltr' id='par_1_1' title="bbox 185 168 998 248">
     <span class='ocr_line' id='line_1_1' title="bbox 185 168 998 248; baseline -0.004 -14"><span class='ocrx_word' id='word_1_1' title='bbox 185 169 247 235; x_wconf 80' lang='lat'><strong>162</strong></span> <span class='ocrx_word' id='word_1_2' title='bbox 352 169 467 232; x_wconf 80' lang='lat' dir='ltr'><strong>LlsshR</strong></span> <span class='ocrx_word' id='word_1_3' title='bbox 478 168 566 231; x_wconf 76' lang='lat' dir='ltr'><strong>xlll.</strong></span> <span class='ocrx_word' id='word_1_4' title='bbox 590 169 672 230; x_wconf 82' lang='lat' dir='ltr'><strong>CAP.</strong></span> <span class='ocrx_word' id='word_1_5' title='bbox 687 177 732 232; x_wconf 79' lang='lat'><strong>³9.</strong></span> <span class='ocrx_word' id='word_1_6' title='bbox 743 179 787 232; x_wconf 84' lang='lat' dir='ltr'><strong>ltt.</strong></span> <span class='ocrx_word' id='word_1_7' title='bbox 811 169 846 248; x_wconf 78' lang='lat' dir='ltr'><strong>[a.</strong></span> <span class='ocrx_word' id='word_1_8' title='bbox 859 173 892 228; x_wconf 89' lang='lat' dir='ltr'><strong>U.</strong></span> <span class='ocrx_word' id='word_1_9' title='bbox 904 190 927 227; x_wconf 84' lang='lat' dir='ltr'><strong>c.</strong></span> <span class='ocrx_word' id='word_1_10' title='bbox 939 169 998 246; x_wconf 78' lang='lat'>581]</span> 
     </span>
    </p>
   </div>
   <div class='ocr_carea' id='block_1_2' title="bbox 63 315 1164 3148">
    <p class='ocr_par' dir='ltr' id='par_1_2' title="bbox 183 315 1164 394">
     <span class='ocr_line' id='line_1_2' title="bbox 183 315 1164 394; baseline -0.013 -9"><span class='ocrx_word' id='word_1_11' title='bbox 183 340 219 385; x_wconf 90' lang='lat' dir='ltr'><strong>co</strong></span> <span class='ocrx_word' id='word_1_12' title='bbox 236 323 325 384; x_wconf 88' lang='lat' dir='ltr'><strong>etiam</strong></span> <span class='ocrx_word' id='word_1_13' title='bbox 339 322 472 382; x_wconf 77' lang='lat' dir='ltr'><strong>Marcius</strong></span> <span class='ocrx_word' id='word_1_14' title='bbox 494 328 672 382; x_wconf 73' lang='lat' dir='ltr'><strong>cunctantes</strong></span> <span class='ocrx_word' id='word_1_15' title='bbox 693 319 797 381; x_wconf 91' lang='lat' dir='ltr'><strong>movit.</strong></span> <span class='ocrx_word' id='word_1_16' title='bbox 832 319 968 393; x_wconf 90' lang='lat' dir='ltr'><strong>„minor“</strong></span> <span class='ocrx_word' id='word_1_17' title='bbox 982 317 1126 394; x_wconf 86' lang='lat' dir='ltr'><strong>inquit„al</strong></span> <span class='ocrx_word' id='word_1_18' title='bbox 1162 315 1164 372; x_wconf 78' lang='lat' dir='ltr'><strong>t</strong></span> 
     </span>
    </p>

    <p class='ocr_par' dir='ltr' id='par_1_3' title="bbox 181 385 1164 481">
     <span class='ocr_line' id='line_1_3' title="bbox 181 385 1164 481; baseline -0.005 -14"><span class='ocrx_word' id='word_1_19' title='bbox 181 399 327 468; x_wconf 82' lang='lat' dir='ltr'><strong>maior&#39;em</strong></span> <span class='ocrx_word' id='word_1_20' title='bbox 347 411 396 465; x_wconf 86' lang='lat' dir='ltr'><strong>et“</strong></span> <span class='ocrx_word' id='word_1_21' title='bbox 416 437 459 449; x_wconf 89' lang='lat'><em>-</em></span> <span class='ocrx_word' id='word_1_22' title='bbox 479 405 563 479; x_wconf 87' lang='lat' dir='ltr'><strong>quod</strong></span> <span class='ocrx_word' id='word_1_23' title='bbox 580 403 720 481; x_wconf 90' lang='lat' dir='ltr'><strong>Philippo</strong></span> <span class='ocrx_word' id='word_1_24' title='bbox 749 403 808 479; x_wconf 90' lang='lat' dir='ltr'><strong>ipsi</strong></span> <span class='ocrx_word' id='word_1_25' title='bbox 839 415 1006 478; x_wconf 75' lang='lat' dir='ltr'>cognomen</span> <span class='ocrx_word' id='word_1_26' title='bbox 1024 406 1127 462; x_wconf 81' lang='lat' dir='ltr'><strong>erat-</strong></span> <span class='ocrx_word' id='word_1_27' title='bbox 1162 385 1164 478; x_wconf 64' lang='grc' dir='ltr'>ἰ</span> 
     </span>
    </p>

    <p class='ocr_par' dir='ltr' id='par_1_4' title="bbox 177 479 1164 980">
     <span class='ocr_line' id='line_1_4' title="bbox 180 485 1164 598; baseline -0.009 -47"><span class='ocrx_word' id='word_1_28' title='bbox 180 491 280 566; x_wconf 84' lang='lat' dir='ltr'><strong>„iilius</strong></span> <span class='ocrx_word' id='word_1_29' title='bbox 296 489 336 549; x_wconf 90' lang='lat' dir='ltr'><strong>ad</strong></span> <span class='ocrx_word' id='word_1_30' title='bbox 350 497 466 564; x_wconf 88' lang='lat' dir='ltr'><strong>patrem</strong></span> <span class='ocrx_word' id='word_1_31' title='bbox 481 493 645 548; x_wconf 89' lang='lat' dir='ltr'><strong>transeat.“</strong></span> <span class='ocrx_word' id='word_1_32' title='bbox 673 488 761 547; x_wconf 85' lang='lat' dir='ltr'><strong>tacito</strong></span> <span class='ocrx_word' id='word_1_33' title='bbox 776 502 958 562; x_wconf 82' lang='lat' dir='ltr'><strong>persuasum</strong></span> <span class='ocrx_word' id='word_1_34' title='bbox 972 485 1003 544; x_wconf 86' lang='lat' dir='ltr'><strong>id</strong></span> <span class='ocrx_word' id='word_1_35' title='bbox 1014 485 1071 558; x_wconf 78' lang='lat' dir='ltr'><strong>regi</strong></span> <span class='ocrx_word' id='word_1_36' title='bbox 1083 491 1126 544; x_wconf 87' lang='lat' dir='ltr'><strong>est.</strong></span> <span class='ocrx_word' id='word_1_37' title='bbox 1162 519 1164 598; x_wconf 51' lang='grc' dir='ltr'>ι</span> 
     </span>
     <span class='ocr_line' id='line_1_5' title="bbox 180 568 1164 647; baseline -0.002 -13"><span class='ocrx_word' id='word_1_38' title='bbox 180 573 262 634; x_wconf 82' lang='lat' dir='ltr'><strong>aliud</strong></span> <span class='ocrx_word' id='word_1_39' title='bbox 277 573 389 633; x_wconf 89' lang='lat' dir='ltr'><strong>deinde</strong></span> <span class='ocrx_word' id='word_1_40' title='bbox 404 571 619 646; x_wconf 78' lang='lat' dir='ltr'><strong>ambigebatur,</strong></span> <span class='ocrx_word' id='word_1_41' title='bbox 635 581 703 632; x_wconf 89' lang='lat' dir='ltr'><strong>cum</strong></span> <span class='ocrx_word' id='word_1_42' title='bbox 720 585 811 647; x_wconf 87' lang='lat' dir='ltr'><strong>quam</strong></span> <span class='ocrx_word' id='word_1_43' title='bbox 823 570 924 630; x_wconf 85' lang='lat' dir='ltr'><strong>multis</strong></span> <span class='ocrx_word' id='word_1_44' title='bbox 936 568 1074 631; x_wconf 86' lang='lat' dir='ltr'><strong>transiret.</strong></span> <span class='ocrx_word' id='word_1_45' title='bbox 1085 583 1126 628; x_wconf 89' lang='lat' dir='ltr'><strong>rex</strong></span> <span class='ocrx_word' id='word_1_46' title='bbox 1163 601 1164 632; x_wconf 73' lang='lat' dir='ltr'><strong>t</strong></span> 
     </span>
     <span class='ocr_line' id='line_1_6' title="bbox 180 649 1164 728; baseline -0.008 -12"><span class='ocrx_word' id='word_1_47' title='bbox 180 673 248 719; x_wconf 90' lang='lat' dir='ltr'><strong>cum</strong></span> <span class='ocrx_word' id='word_1_48' title='bbox 264 656 346 716; x_wconf 92' lang='lat' dir='ltr'><strong>omni</strong></span> <span class='ocrx_word' id='word_1_49' title='bbox 361 655 503 715; x_wconf 86' lang='lat' dir='ltr'><strong>comitatu</strong></span> <span class='ocrx_word' id='word_1_50' title='bbox 516 655 645 716; x_wconf 88' lang='lat' dir='ltr'><strong>transire</strong></span> <span class='ocrx_word' id='word_1_51' title='bbox 660 669 791 728; x_wconf 89' lang='lat' dir='ltr'><strong>aequum</strong></span> <span class='ocrx_word' id='word_1_52' title='bbox 813 653 972 714; x_wconf 69' lang='lat' dir='ltr'><strong>censebam</strong></span> <span class='ocrx_word' id='word_1_53' title='bbox 999 653 1078 727; x_wconf 79' lang='lat' dir='ltr'><strong>legati</strong></span> <span class='ocrx_word' id='word_1_54' title='bbox 1089 651 1126 708; x_wconf 88' lang='lat' dir='ltr'><strong>vel</strong></span> <span class='ocrx_word' id='word_1_55' title='bbox 1162 649 1164 702; x_wconf 89' lang='lat' dir='ltr'><strong>l</strong></span> 
     </span>
     <span class='ocr_line' id='line_1_7' title="bbox 180 735 1164 812; baseline -0.008 -12"><span class='ocrx_word' id='word_1_56' title='bbox 180 757 249 801; x_wconf 88' lang='lat' dir='ltr'><strong>com</strong></span> <span class='ocrx_word' id='word_1_57' title='bbox 262 739 359 800; x_wconf 87' lang='lat' dir='ltr'><strong>tribus</strong></span> <span class='ocrx_word' id='word_1_58' title='bbox 373 740 479 798; x_wconf 87' lang='lat' dir='ltr'><strong>venire</strong></span> <span class='ocrx_word' id='word_1_59' title='bbox 493 738 652 812; x_wconf 88' lang='lat' dir='ltr'><strong>iubebant,</strong></span> <span class='ocrx_word' id='word_1_60' title='bbox 677 740 725 797; x_wconf 88' lang='lat' dir='ltr'><strong>vel</strong></span> <span class='ocrx_word' id='word_1_61' title='bbox 748 737 774 798; x_wconf 93' lang='lat' dir='ltr'><strong>sl</strong></span> <span class='ocrx_word' id='word_1_62' title='bbox 796 744 912 798; x_wconf 83' lang='lat' dir='ltr'><strong>tantum</strong></span> <span class='ocrx_word' id='word_1_63' title='bbox 927 751 1033 812; x_wconf 71' lang='lat' dir='ltr'><strong>omnen</strong></span> <span class='ocrx_word' id='word_1_64' title='bbox 1045 735 1125 794; x_wconf 86' lang='lat' dir='ltr'><strong>nadu·</strong></span> <span class='ocrx_word' id='word_1_65' title='bbox 1162 735 1164 762; x_wconf 70' lang='lat'><em>²</em></span> 
     </span>
     <span class='ocr_line' id='line_1_8' title="bbox 179 817 1125 898; baseline -0.011 -14"><span class='ocrx_word' id='word_1_66' title='bbox 179 830 274 898; x_wconf 87' lang='lat' dir='ltr'><strong>cerel,</strong></span> <span class='ocrx_word' id='word_1_67' title='bbox 291 821 416 882; x_wconf 88' lang='lat' dir='ltr'><strong>obsides</strong></span> <span class='ocrx_word' id='word_1_68' title='bbox 433 823 519 882; x_wconf 87' lang='lat' dir='ltr'><strong>daret</strong></span> <span class='ocrx_word' id='word_1_69' title='bbox 533 821 605 881; x_wconf 80' lang='lat' dir='ltr'><strong>nihil</strong></span> <span class='ocrx_word' id='word_1_70' title='bbox 621 823 737 881; x_wconf 80' lang='lat' dir='ltr'><strong>hauhis</strong></span> <span class='ocrx_word' id='word_1_71' title='bbox 753 822 819 880; x_wconf 89' lang='lat' dir='ltr'><strong>lore</strong></span> <span class='ocrx_word' id='word_1_72' title='bbox 839 821 871 880; x_wconf 92' lang='lat' dir='ltr'><strong>in</strong></span> <span class='ocrx_word' id='word_1_73' title='bbox 887 819 1046 894; x_wconf 88' lang='lat' dir='ltr'><strong>colloquio.</strong></span> <span class='ocrx_word' id='word_1_74' title='bbox 1069 817 1125 890; x_wconf 87' lang='lat' dir='ltr'><strong>ilip-</strong></span> 
     </span>
     <span class='ocr_line' id='line_1_9' title="bbox 177 900 1125 980; baseline -0.006 -16"><span class='ocrx_word' id='word_1_75' title='bbox 177 907 259 980; x_wconf 90' lang='lat' dir='ltr'><strong>piam</strong></span> <span class='ocrx_word' id='word_1_76' title='bbox 275 913 304 965; x_wconf 91' lang='lat' dir='ltr'><strong>et</strong></span> <span class='ocrx_word' id='word_1_77' title='bbox 316 905 539 978; x_wconf 76' lang='lat' dir='ltr'>Pantauchum,</span> <span class='ocrx_word' id='word_1_78' title='bbox 556 919 635 979; x_wconf 90' lang='lat' dir='ltr'><strong>quos</strong></span> <span class='ocrx_word' id='word_1_79' title='bbox 653 913 682 964; x_wconf 92' lang='lat' dir='ltr'><strong>et</strong></span> <span class='ocrx_word' id='word_1_80' title='bbox 700 906 818 980; x_wconf 80' lang='lat' dir='ltr'><strong>legatos</strong></span> <span class='ocrx_word' id='word_1_81' title='bbox 839 905 979 977; x_wconf 85' lang='lat' dir='ltr'><strong>miserat,</strong></span> <span class='ocrx_word' id='word_1_82' title='bbox 998 900 1125 977; x_wconf 80' lang='lat' dir='ltr'><strong>principes</strong></span> 
     </span>
    </p>

    <p class='ocr_par' dir='ltr' id='par_1_5' title="bbox 63 983 1164 3148">
     <span class='ocr_line' id='line_1_10' title="bbox 63 983 1124 1064; baseline -0.006 -17"><span class='ocrx_word' id='word_1_83' title='bbox 63 985 68 994; x_wconf 86' lang='grc'><strong>’</strong></span> <span class='ocrx_word' id='word_1_84' title='bbox 177 988 358 1063; x_wconf 88' lang='lat' dir='ltr'><strong>amicorum,</strong></span> <span class='ocrx_word' id='word_1_85' title='bbox 375 987 501 1048; x_wconf 86' lang='lat' dir='ltr'><strong>obsides</strong></span> <span class='ocrx_word' id='word_1_86' title='bbox 517 988 609 1049; x_wconf 89' lang='lat' dir='ltr'><strong>dedit.</strong></span> <span class='ocrx_word' id='word_1_87' title='bbox 639 1001 696 1048; x_wconf 90' lang='lat' dir='ltr'><strong>noc</strong></span> <span class='ocrx_word' id='word_1_88' title='bbox 717 994 777 1048; x_wconf 92' lang='lat' dir='ltr'><strong>tam</strong></span> <span class='ocrx_word' id='word_1_89' title='bbox 799 983 829 1046; x_wconf 88' lang='lat' dir='ltr'><strong>in</strong></span> <span class='ocrx_word' id='word_1_90' title='bbox 852 989 963 1064; x_wconf 80' lang='lat' dir='ltr'><strong>pignus</strong></span> <span class='ocrx_word' id='word_1_91' title='bbox 984 985 1051 1047; x_wconf 81' lang='lat' dir='ltr'><strong>lislei</strong></span> <span class='ocrx_word' id='word_1_92' title='bbox 1064 983 1124 1043; x_wconf 89' lang='lat' dir='ltr'><strong>obsi·</strong></span> 
     </span>
     <span class='ocr_line' id='line_1_11' title="bbox 177 1071 1126 1148; baseline -0.006 -16"><span class='ocrx_word' id='word_1_93' title='bbox 177 1073 234 1132; x_wconf 87' lang='lat' dir='ltr'><strong>des</strong></span> <span class='ocrx_word' id='word_1_94' title='bbox 249 1072 413 1132; x_wconf 83' lang='lat' dir='ltr'><strong>desiderati</strong></span> <span class='ocrx_word' id='word_1_95' title='bbox 428 1079 522 1147; x_wconf 74' lang='lat' dir='ltr'><strong>erant</strong></span> <span class='ocrx_word' id='word_1_96' title='bbox 536 1085 627 1146; x_wconf 87' lang='lat' dir='ltr'><strong>quam</strong></span> <span class='ocrx_word' id='word_1_97' title='bbox 638 1078 670 1132; x_wconf 91' lang='lat' dir='ltr'><strong>ut</strong></span> <span class='ocrx_word' id='word_1_98' title='bbox 681 1079 844 1148; x_wconf 78' lang='lat' dir='ltr'><strong>appareret</strong></span> <span class='ocrx_word' id='word_1_99' title='bbox 854 1071 1126 1145; x_wconf 78' lang='lat' dir='ltr'><strong>sociisoeqnaquun</strong></span> 
     </span>
     <span class='ocr_line' id='line_1_12' title="bbox 177 1147 1125 1232; baseline -0.006 -17"><span class='ocrx_word' id='word_1_100' title='bbox 177 1171 217 1215; x_wconf 85' lang='lat' dir='ltr'><strong>ex</strong></span> <span class='ocrx_word' id='word_1_101' title='bbox 233 1147 378 1232; x_wconf 76' lang='lat' dir='ltr'><strong>(lignitate</strong></span> <span class='ocrx_word' id='word_1_102' title='bbox 393 1155 460 1231; x_wconf 91' lang='lat' dir='ltr'><strong>pari</strong></span> <span class='ocrx_word' id='word_1_103' title='bbox 482 1155 628 1230; x_wconf 80' lang='lat' dir='ltr'><strong>congredi</strong></span> <span class='ocrx_word' id='word_1_104' title='bbox 649 1168 751 1229; x_wconf 86' lang='lat' dir='ltr'><strong>regem</strong></span> <span class='ocrx_word' id='word_1_105' title='bbox 774 1167 844 1216; x_wconf 88' lang='lat' dir='ltr'><strong>cum</strong></span> <span class='ocrx_word' id='word_1_106' title='bbox 865 1153 984 1230; x_wconf 76' lang='lat' dir='ltr'><strong>legatis.</strong></span> <span class='ocrx_word' id='word_1_107' title='bbox 1011 1149 1125 1214; x_wconf 84' lang='lat' dir='ltr'><strong>salutatio</strong></span> 
     </span>
     <span class='ocr_line' id='line_1_13' title="bbox 177 1233 1125 1316; baseline 0.002 -19"><span class='ocrx_word' id='word_1_108' title='bbox 177 1255 239 1299; x_wconf 94' lang='lat' dir='ltr'><strong>non</strong></span> <span class='ocrx_word' id='word_1_109' title='bbox 259 1246 414 1316; x_wconf 88' lang='lat' dir='ltr'><strong>tamquam</strong></span> <span class='ocrx_word' id='word_1_110' title='bbox 434 1236 583 1314; x_wconf 91' lang='lat' dir='ltr'><strong>hostium,</strong></span> <span class='ocrx_word' id='word_1_111' title='bbox 613 1239 670 1298; x_wconf 89' lang='lat' dir='ltr'><strong>sed</strong></span> <span class='ocrx_word' id='word_1_112' title='bbox 690 1236 851 1314; x_wconf 88' lang='lat' dir='ltr'><strong>hospitalis</strong></span> <span class='ocrx_word' id='word_1_113' title='bbox 872 1254 910 1298; x_wconf 85' lang='lat' dir='ltr'><strong>ac</strong></span> <span class='ocrx_word' id='word_1_114' title='bbox 930 1238 1056 1312; x_wconf 77' lang='lat' dir='ltr'><strong>benigna</strong></span> <span class='ocrx_word' id='word_1_115' title='bbox 1073 1233 1125 1299; x_wconf 75' lang='lat' dir='ltr'><strong>tritt</strong></span> 
     </span>
     <span class='ocr_line' id='line_1_14' title="bbox 178 1316 1124 1398; baseline -0.005 -19"><span class='ocrx_word' id='word_1_116' title='bbox 178 1320 349 1398; x_wconf 88' lang='lat' dir='ltr'><strong>positisque</strong></span> <span class='ocrx_word' id='word_1_117' title='bbox 365 1319 491 1382; x_wconf 88' lang='lat' dir='ltr'><strong>sedibus</strong></span> <span class='ocrx_word' id='word_1_118' title='bbox 507 1323 724 1385; x_wconf 87' lang='lat' dir='ltr'><strong>consederunt.</strong></span> <span class='ocrx_word' id='word_1_119' title='bbox 766 1322 827 1384; x_wconf 81' lang='lat' dir='ltr'><strong>XL.</strong></span> <span class='ocrx_word' id='word_1_120' title='bbox 850 1337 920 1383; x_wconf 89' lang='lat' dir='ltr'><strong>cum</strong></span> <span class='ocrx_word' id='word_1_121' title='bbox 942 1320 1086 1397; x_wconf 87' lang='lat' dir='ltr'><strong>paulisper</strong></span> <span class='ocrx_word' id='word_1_122' title='bbox 1096 1316 1124 1376; x_wconf 91' lang='lat' dir='ltr'><strong>si·</strong></span> 
     </span>
     <span class='ocr_line' id='line_1_15' title="bbox 176 1401 1123 1482; baseline -0.005 -20"><span class='ocrx_word' id='word_1_123' title='bbox 176 1403 300 1463; x_wconf 90' lang='lat' dir='ltr'><strong>lentium</strong></span> <span class='ocrx_word' id='word_1_124' title='bbox 316 1403 433 1477; x_wconf 85' lang='lat' dir='ltr'><strong>luisset,</strong></span> <span class='ocrx_word' id='word_1_125' title='bbox 449 1405 641 1480; x_wconf 86' lang='lat' dir='ltr'><strong>„exspectari</strong></span> <span class='ocrx_word' id='word_1_126' title='bbox 653 1410 732 1465; x_wconf 88' lang='lat' dir='ltr'><strong>nos“</strong></span> <span class='ocrx_word' id='word_1_127' title='bbox 742 1405 839 1482; x_wconf 90' lang='lat' dir='ltr'><strong>inquit</strong></span> <span class='ocrx_word' id='word_1_128' title='bbox 849 1404 983 1466; x_wconf 82' lang='lat' dir='ltr'><strong>Marcius</strong></span> <span class='ocrx_word' id='word_1_129' title='bbox 994 1401 1123 1478; x_wconf 73' lang='lat' dir='ltr'><strong>,arbiror</strong></span> 
     </span>
     <span class='ocr_line' id='line_1_16' title="bbox 175 1483 1124 1566; baseline -0.002 -23"><span class='ocrx_word' id='word_1_130' title='bbox 175 1490 208 1544; x_wconf 91' lang='lat' dir='ltr'><strong>ut</strong></span> <span class='ocrx_word' id='word_1_131' title='bbox 221 1486 465 1562; x_wconf 86' lang='lat' dir='ltr'><strong>respondeamus</strong></span> <span class='ocrx_word' id='word_1_132' title='bbox 481 1487 586 1546; x_wconf 84' lang='lat' dir='ltr'><strong>litteris</strong></span> <span class='ocrx_word' id='word_1_133' title='bbox 604 1489 678 1562; x_wconf 85' lang='lat' dir='ltr'><strong>tuis,</strong></span> <span class='ocrx_word' id='word_1_134' title='bbox 694 1503 772 1564; x_wconf 88' lang='lat' dir='ltr'><strong>quos</strong></span> <span class='ocrx_word' id='word_1_135' title='bbox 787 1489 956 1566; x_wconf 80' lang='lat' dir='ltr'><strong>corcyram</strong></span> <span class='ocrx_word' id='word_1_136' title='bbox 975 1485 1086 1556; x_wconf 85' lang='lat' dir='ltr'><strong>misisti,</strong></span> <span class='ocrx_word' id='word_1_137' title='bbox 1103 1483 1124 1540; x_wconf 89' lang='lat' dir='ltr'><strong>in</strong></span> 
     </span>
     <span class='ocr_line' id='line_1_17' title="bbox 177 1567 1124 1645; baseline -0.002 -20"><span class='ocrx_word' id='word_1_138' title='bbox 177 1567 289 1642; x_wconf 88' lang='lat' dir='ltr'><strong>quibus</strong></span> <span class='ocrx_word' id='word_1_139' title='bbox 306 1570 428 1643; x_wconf 88' lang='lat' dir='ltr'><strong>quaeris</strong></span> <span class='ocrx_word' id='word_1_140' title='bbox 448 1570 521 1642; x_wconf 89' lang='lat' dir='ltr'><strong>quid</strong></span> <span class='ocrx_word' id='word_1_141' title='bbox 547 1570 588 1630; x_wconf 89' lang='lat' dir='ltr'><strong>ita</strong></span> <span class='ocrx_word' id='word_1_142' title='bbox 615 1572 705 1645; x_wconf 86' lang='lat' dir='ltr'><strong>legati</strong></span> <span class='ocrx_word' id='word_1_143' title='bbox 727 1581 795 1630; x_wconf 88' lang='lat' dir='ltr'><strong>cum</strong></span> <span class='ocrx_word' id='word_1_144' title='bbox 814 1572 960 1632; x_wconf 71' lang='lat' dir='ltr'><strong>militibus</strong></span> <span class='ocrx_word' id='word_1_145' title='bbox 980 1569 1124 1631; x_wconf 76' lang='lat' dir='ltr'><strong>venerimus</strong></span> 
     </span>
     <span class='ocr_line' id='line_1_18' title="bbox 165 1647 1123 1728; baseline -0.003 -18"><span class='ocrx_word' id='word_1_146' title='bbox 165 1658 206 1710; x_wconf 87' lang='lat' dir='ltr'><strong>et</strong></span> <span class='ocrx_word' id='word_1_147' title='bbox 223 1650 378 1728; x_wconf 89' lang='lat' dir='ltr'><strong>praesidia</strong></span> <span class='ocrx_word' id='word_1_148' title='bbox 397 1647 428 1711; x_wconf 89' lang='lat' dir='ltr'><strong>in</strong></span> <span class='ocrx_word' id='word_1_149' title='bbox 450 1649 587 1728; x_wconf 79' lang='lat' dir='ltr'><strong>singulas</strong></span> <span class='ocrx_word' id='word_1_150' title='bbox 607 1655 700 1714; x_wconf 88' lang='lat' dir='ltr'><strong>urbes</strong></span> <span class='ocrx_word' id='word_1_151' title='bbox 725 1655 923 1716; x_wconf 80' lang='lat' dir='ltr'><strong>dimittamus.</strong></span> <span class='ocrx_word' id='word_1_152' title='bbox 951 1654 991 1715; x_wconf 86' lang='lat' dir='ltr'><strong>od</strong></span> <span class='ocrx_word' id='word_1_153' title='bbox 1010 1654 1080 1712; x_wconf 89' lang='lat' dir='ltr'><strong>hano</strong></span> <span class='ocrx_word' id='word_1_154' title='bbox 1094 1651 1123 1708; x_wconf 85' lang='lat' dir='ltr'><strong>in·</strong></span> 
     </span>
     <span class='ocr_line' id='line_1_19' title="bbox 177 1730 1125 1814; baseline -0.001 -20"><span class='ocrx_word' id='word_1_155' title='bbox 177 1730 410 1810; x_wconf 83' lang='lat' dir='ltr'><strong>terrogationem</strong></span> <span class='ocrx_word' id='word_1_156' title='bbox 424 1742 505 1796; x_wconf 90' lang='lat' dir='ltr'><strong>tuam</strong></span> <span class='ocrx_word' id='word_1_157' title='bbox 519 1745 549 1796; x_wconf 88' lang='lat' dir='ltr'><strong>et</strong></span> <span class='ocrx_word' id='word_1_158' title='bbox 563 1751 625 1796; x_wconf 93' lang='lat' dir='ltr'><strong>non</strong></span> <span class='ocrx_word' id='word_1_159' title='bbox 641 1737 833 1814; x_wconf 90' lang='lat' dir='ltr'><strong>respondere</strong></span> <span class='ocrx_word' id='word_1_160' title='bbox 854 1755 967 1799; x_wconf 84' lang='lat' dir='ltr'><strong>vereor</strong></span> <span class='ocrx_word' id='word_1_161' title='bbox 986 1753 1024 1796; x_wconf 88' lang='lat' dir='ltr'><strong>ne</strong></span> <span class='ocrx_word' id='word_1_162' title='bbox 1043 1747 1125 1808; x_wconf 82' lang='lat' dir='ltr'><strong>super·</strong></span> 
     </span>
     <span class='ocr_line' id='line_1_20' title="bbox 175 1813 1126 1896; baseline -0.004 -20"><span class='ocrx_word' id='word_1_163' title='bbox 175 1818 246 1877; x_wconf 90' lang='lat' dir='ltr'><strong>bum</strong></span> <span class='ocrx_word' id='word_1_164' title='bbox 262 1821 316 1894; x_wconf 85' lang='lat' dir='ltr'><strong>sit,</strong></span> <span class='ocrx_word' id='word_1_165' title='bbox 330 1827 362 1879; x_wconf 89' lang='lat' dir='ltr'><strong>et</strong></span> <span class='ocrx_word' id='word_1_166' title='bbox 379 1833 452 1878; x_wconf 86' lang='lat' dir='ltr'><strong>vera</strong></span> <span class='ocrx_word' id='word_1_167' title='bbox 472 1822 718 1896; x_wconf 83' lang='lat' dir='ltr'><strong>responderene</strong></span> <span class='ocrx_word' id='word_1_168' title='bbox 742 1822 832 1882; x_wconf 92' lang='lat' dir='ltr'><strong>nimis</strong></span> <span class='ocrx_word' id='word_1_169' title='bbox 853 1824 1001 1883; x_wconf 88' lang='lat' dir='ltr'><strong>acerbum</strong></span> <span class='ocrx_word' id='word_1_170' title='bbox 1019 1813 1126 1880; x_wconf 88' lang='lat' dir='ltr'><strong>audienti</strong></span> 
     </span>
     <span class='ocr_line' id='line_1_21' title="bbox 175 1899 1125 1980; baseline -0.001 -19"><span class='ocrx_word' id='word_1_171' title='bbox 175 1902 226 1961; x_wconf 91' lang='lat' dir='ltr'><strong>tibi</strong></span> <span class='ocrx_word' id='word_1_172' title='bbox 244 1904 389 1963; x_wconf 90' lang='lat' dir='ltr'><strong>videatur.</strong></span> <span class='ocrx_word' id='word_1_173' title='bbox 418 1903 475 1962; x_wconf 88' lang='lat' dir='ltr'><strong>sed</strong></span> <span class='ocrx_word' id='word_1_174' title='bbox 490 1919 558 1964; x_wconf 87' lang='lat' dir='ltr'><strong>cum</strong></span> <span class='ocrx_word' id='word_1_175' title='bbox 575 1909 625 1964; x_wconf 90' lang='lat' dir='ltr'><strong>aut</strong></span> <span class='ocrx_word' id='word_1_176' title='bbox 641 1906 742 1965; x_wconf 89' lang='lat' dir='ltr'><strong>verbis</strong></span> <span class='ocrx_word' id='word_1_177' title='bbox 764 1907 967 1980; x_wconf 77' lang='lat' dir='ltr'><strong>castigandus</strong></span> <span class='ocrx_word' id='word_1_178' title='bbox 987 1910 1037 1965; x_wconf 87' lang='lat' dir='ltr'><strong>aut</strong></span> <span class='ocrx_word' id='word_1_179' title='bbox 1054 1899 1125 1962; x_wconf 83' lang='lat' dir='ltr'><strong>armis</strong></span> 
     </span>
     <span class='ocr_line' id='line_1_22' title="bbox 175 1985 1127 2066; baseline 0 -22"><span class='ocrx_word' id='word_1_180' title='bbox 175 1986 213 2044; x_wconf 90' lang='lat' dir='ltr'><strong>sit</strong></span> <span class='ocrx_word' id='word_1_181' title='bbox 229 1986 279 2060; x_wconf 88' lang='lat' dir='ltr'><strong>qui</strong></span> <span class='ocrx_word' id='word_1_182' title='bbox 295 1985 403 2044; x_wconf 88' lang='lat' dir='ltr'><strong>loedus</strong></span> <span class='ocrx_word' id='word_1_183' title='bbox 418 1987 543 2060; x_wconf 90' lang='lat' dir='ltr'><strong>rumpit,</strong></span> <span class='ocrx_word' id='word_1_184' title='bbox 559 1988 637 2047; x_wconf 89' lang='lat' dir='ltr'><strong>sicot</strong></span> <span class='ocrx_word' id='word_1_185' title='bbox 650 1987 762 2048; x_wconf 90' lang='lat' dir='ltr'><strong>bellum</strong></span> <span class='ocrx_word' id='word_1_186' title='bbox 777 1991 931 2050; x_wconf 79' lang='lat' dir='ltr'><strong>adversus</strong></span> <span class='ocrx_word' id='word_1_187' title='bbox 953 1997 983 2049; x_wconf 78' lang='lat' dir='ltr'><strong>te</strong></span> <span class='ocrx_word' id='word_1_188' title='bbox 996 1988 1127 2066; x_wconf 26' lang='lat' dir='ltr'><strong>alii&#39;ouam</strong></span> 
     </span>
     <span class='ocr_line' id='line_1_23' title="bbox 173 2065 1126 2142; baseline 0.006 -19"><span class='ocrx_word' id='word_1_189' title='bbox 173 2065 245 2123; x_wconf 90' lang='lat' dir='ltr'><strong>mihi</strong></span> <span class='ocrx_word' id='word_1_190' title='bbox 259 2067 434 2126; x_wconf 88' lang='lat' dir='ltr'><strong>mandatum</strong></span> <span class='ocrx_word' id='word_1_191' title='bbox 448 2069 563 2142; x_wconf 91' lang='lat' dir='ltr'><strong>malim,</strong></span> <span class='ocrx_word' id='word_1_192' title='bbox 580 2070 620 2129; x_wconf 87' lang='lat' dir='ltr'><strong>ito</strong></span> <span class='ocrx_word' id='word_1_193' title='bbox 635 2072 780 2132; x_wconf 88' lang='lat' dir='ltr'><strong>orationis</strong></span> <span class='ocrx_word' id='word_1_194' title='bbox 792 2073 989 2134; x_wconf 83' lang='lat' dir='ltr'><strong>acerbitatem</strong></span> <span class='ocrx_word' id='word_1_195' title='bbox 1000 2072 1126 2132; x_wconf 83' lang='lat' dir='ltr'><strong>adversus</strong></span> 
     </span>
     <span class='ocr_line' id='line_1_24' title="bbox 173 2147 1125 2234; baseline 0.003 -30"><span class='ocrx_word' id='word_1_196' title='bbox 173 2147 340 2220; x_wconf 88' lang='lat' dir='ltr'><strong>hospitem,</strong></span> <span class='ocrx_word' id='word_1_197' title='bbox 356 2155 520 2223; x_wconf 88' lang='lat' dir='ltr'><strong>utcumque</strong></span> <span class='ocrx_word' id='word_1_198' title='bbox 534 2158 595 2225; x_wconf 88' lang='lat' dir='ltr'><strong>est,</strong></span> <span class='ocrx_word' id='word_1_199' title='bbox 618 2153 744 2234; x_wconf 84' lang='lat' dir='ltr'><strong>subibo,</strong></span> <span class='ocrx_word' id='word_1_200' title='bbox 769 2156 848 2216; x_wconf 89' lang='lat' dir='ltr'><strong>sicut</strong></span> <span class='ocrx_word' id='word_1_201' title='bbox 867 2156 996 2231; x_wconf 87' lang='lat' dir='ltr'><strong>medici,</strong></span> <span class='ocrx_word' id='word_1_202' title='bbox 1016 2167 1077 2215; x_wconf 91' lang='lat' dir='ltr'><strong>cum</strong></span> <span class='ocrx_word' id='word_1_203' title='bbox 1090 2165 1125 2208; x_wconf 87' lang='lat' dir='ltr'><strong>sa-</strong></span> 
     </span>
     <span class='ocr_line' id='line_1_25' title="bbox 174 2229 1127 2315; baseline 0.013 -28"><span class='ocrx_word' id='word_1_204' title='bbox 174 2229 243 2287; x_wconf 91' lang='lat' dir='ltr'><strong>lutis</strong></span> <span class='ocrx_word' id='word_1_205' title='bbox 266 2243 361 2292; x_wconf 87' lang='lat' dir='ltr'><strong>causa</strong></span> <span class='ocrx_word' id='word_1_206' title='bbox 381 2231 514 2290; x_wconf 85' lang='lat' dir='ltr'><strong>tristiora</strong></span> <span class='ocrx_word' id='word_1_207' title='bbox 534 2235 670 2296; x_wconf 84' lang='lat' dir='ltr'><strong>remedia</strong></span> <span class='ocrx_word' id='word_1_208' title='bbox 691 2239 845 2303; x_wconf 90' lang='lat' dir='ltr'><strong>adhibent.</strong></span> <span class='ocrx_word' id='word_1_209' title='bbox 879 2255 920 2300; x_wconf 82' lang='lat' dir='ltr'><strong>cx</strong></span> <span class='ocrx_word' id='word_1_210' title='bbox 943 2256 1003 2315; x_wconf 89' lang='lat' dir='ltr'><strong>quo</strong></span> <span class='ocrx_word' id='word_1_211' title='bbox 1024 2247 1127 2311; x_wconf 73' lang='lat' dir='ltr'><strong>regnum</strong></span> 
     </span>
     <span class='ocr_line' id='line_1_26' title="bbox 174 2311 1128 2406; baseline 0.008 -38"><span class='ocrx_word' id='word_1_212' title='bbox 174 2311 303 2406; x_wconf 80' lang='lat' dir='ltr'><strong>adeptus</strong></span> <span class='ocrx_word' id='word_1_213' title='bbox 319 2327 369 2387; x_wconf 86' lang='lat' dir='ltr'><strong>es,</strong></span> <span class='ocrx_word' id='word_1_214' title='bbox 388 2329 479 2373; x_wconf 91' lang='lat' dir='ltr'><strong>unam</strong></span> <span class='ocrx_word' id='word_1_215' title='bbox 494 2332 557 2376; x_wconf 90' lang='lat' dir='ltr'><strong>rem</strong></span> <span class='ocrx_word' id='word_1_216' title='bbox 572 2325 617 2393; x_wconf 87' lang='lat' dir='ltr'><strong>te,</strong></span> <span class='ocrx_word' id='word_1_217' title='bbox 634 2334 713 2395; x_wconf 81' lang='lat' dir='ltr'><strong>quae</strong></span> <span class='ocrx_word' id='word_1_218' title='bbox 735 2324 876 2384; x_wconf 84' lang='lat' dir='ltr'><strong>iacienda</strong></span> <span class='ocrx_word' id='word_1_219' title='bbox 896 2324 1003 2397; x_wconf 77' lang='lat' dir='ltr'><strong>inerit,</strong></span> <span class='ocrx_word' id='word_1_220' title='bbox 1023 2323 1128 2382; x_wconf 87' lang='lat' dir='ltr'><strong>senatus</strong></span> 
     </span>
     <span class='ocr_line' id='line_1_27' title="bbox 173 2393 1127 2490; baseline 0.014 -39"><span class='ocrx_word' id='word_1_221' title='bbox 173 2393 284 2490; x_wconf 63' lang='lat' dir='ltr'><strong>iecisse</strong></span> <span class='ocrx_word' id='word_1_222' title='bbox 301 2406 419 2470; x_wconf 89' lang='lat' dir='ltr'><strong>censet,</strong></span> <span class='ocrx_word' id='word_1_223' title='bbox 438 2401 522 2472; x_wconf 89' lang='lat' dir='ltr'><strong>quod</strong></span> <span class='ocrx_word' id='word_1_224' title='bbox 543 2402 661 2476; x_wconf 78' lang='lat' dir='ltr'><strong>legatos</strong></span> <span class='ocrx_word' id='word_1_225' title='bbox 677 2402 806 2468; x_wconf 84' lang='lat' dir='ltr'><strong>Romam</strong></span> <span class='ocrx_word' id='word_1_226' title='bbox 827 2409 867 2468; x_wconf 85' lang='lat' dir='ltr'><strong>ad</strong></span> <span class='ocrx_word' id='word_1_227' title='bbox 887 2406 1090 2468; x_wconf 84' lang='lat' dir='ltr'><strong>renovandum</strong></span> <span class='ocrx_word' id='word_1_228' title='bbox 1102 2399 1127 2436; x_wconf 79' lang='lat'><strong>**</strong></span> 
     </span>
     <span class='ocr_line' id='line_1_28' title="bbox 172 2478 1127 2574; baseline 0.009 -41"><span class='ocrx_word' id='word_1_229' title='bbox 172 2478 285 2537; x_wconf 76' lang='lat' dir='ltr'><strong>radicat</strong></span> <span class='ocrx_word' id='word_1_230' title='bbox 312 2480 412 2574; x_wconf 84' lang='lat' dir='ltr'><strong>potius</strong></span> <span class='ocrx_word' id='word_1_231' title='bbox 439 2499 529 2558; x_wconf 88' lang='lat' dir='ltr'><strong>qoam</strong></span> <span class='ocrx_word' id='word_1_232' title='bbox 556 2500 622 2545; x_wconf 89' lang='lat' dir='ltr'><strong>cum</strong></span> <span class='ocrx_word' id='word_1_233' title='bbox 649 2495 827 2549; x_wconf 88' lang='lat' dir='ltr'><strong>renovatum</strong></span> <span class='ocrx_word' id='word_1_234' title='bbox 850 2500 938 2551; x_wconf 81' lang='lat' dir='ltr'><strong>esset</strong></span> <span class='ocrx_word' id='word_1_235' title='bbox 963 2488 1127 2551; x_wconf 84' lang='lat' dir='ltr'><strong>violandum.</strong></span> 
     </span>
     <span class='ocr_line' id='line_1_29' title="bbox 172 2557 1127 2649; baseline 0.014 -31"><span class='ocrx_word' id='word_1_236' title='bbox 172 2557 364 2638; x_wconf 77' lang='lat' dir='ltr'><strong>Abrupolim,</strong></span> <span class='ocrx_word' id='word_1_237' title='bbox 382 2566 499 2626; x_wconf 86' lang='lat' dir='ltr'><strong>socium</strong></span> <span class='ocrx_word' id='word_1_238' title='bbox 519 2576 609 2644; x_wconf 89' lang='lat' dir='ltr'><strong>atque</strong></span> <span class='ocrx_word' id='word_1_239' title='bbox 625 2573 754 2632; x_wconf 87' lang='lat' dir='ltr'><strong>amicum</strong></span> <span class='ocrx_word' id='word_1_240' title='bbox 769 2558 874 2649; x_wconf 81' lang='lat' dir='ltr'><strong>populi</strong></span> <span class='ocrx_word' id='word_1_241' title='bbox 890 2575 1036 2646; x_wconf 81' lang='lat' dir='ltr'><strong>Romani,</strong></span> <span class='ocrx_word' id='word_1_242' title='bbox 1051 2579 1127 2643; x_wconf 74' lang='lat' dir='ltr'><strong>regno</strong></span> 
     </span>
     <span class='ocr_line' id='line_1_30' title="bbox 171 2644 1164 2736; baseline 0.004 -32"><span class='ocrx_word' id='word_1_243' title='bbox 171 2644 329 2736; x_wconf 64' lang='lat' dir='ltr'><strong>empulistir</strong></span> <span class='ocrx_word' id='word_1_244' title='bbox 344 2647 496 2711; x_wconf 76' lang='lat' dir='ltr'><strong>Arietauri</strong></span> <span class='ocrx_word' id='word_1_245' title='bbox 512 2652 735 2730; x_wconf 79' lang='lat' dir='ltr'><strong>interfectores,</strong></span> <span class='ocrx_word' id='word_1_246' title='bbox 751 2665 784 2716; x_wconf 88' lang='lat' dir='ltr'><strong>ut</strong></span> <span class='ocrx_word' id='word_1_247' title='bbox 799 2657 910 2731; x_wconf 86' lang='lat' dir='ltr'><strong>caede,</strong></span> <span class='ocrx_word' id='word_1_248' title='bbox 927 2675 967 2718; x_wconf 90' lang='lat' dir='ltr'><strong>ne</strong></span> <span class='ocrx_word' id='word_1_249' title='bbox 982 2657 1055 2732; x_wconf 85' lang='lat' dir='ltr'><strong>quid</strong></span> <span class='ocrx_word' id='word_1_250' title='bbox 1068 2653 1128 2712; x_wconf 88' lang='lat' dir='ltr'><strong>oltra</strong></span> <span class='ocrx_word' id='word_1_251' title='bbox 1158 2667 1164 2732; x_wconf 67' lang='lat' dir='ltr'><strong>p</strong></span> 
     </span>
     <span class='ocr_line' id='line_1_31' title="bbox 171 2724 1164 2830; baseline 0.013 -48"><span class='ocrx_word' id='word_1_252' title='bbox 171 2724 286 2818; x_wconf 78' lang='lat' dir='ltr'><strong>cheam,</strong></span> <span class='ocrx_word' id='word_1_253' title='bbox 307 2729 447 2826; x_wconf 68' lang='lat' dir='ltr'><strong>laetatum</strong></span> <span class='ocrx_word' id='word_1_254' title='bbox 464 2742 641 2809; x_wconf 85' lang='lat' dir='ltr'><strong>appareret,</strong></span> <span class='ocrx_word' id='word_1_255' title='bbox 662 2737 821 2814; x_wconf 87' lang='lat' dir='ltr'><strong>recepisti,</strong></span> <span class='ocrx_word' id='word_1_256' title='bbox 845 2741 897 2817; x_wconf 87' lang='lat' dir='ltr'><strong>qui</strong></span> <span class='ocrx_word' id='word_1_257' title='bbox 920 2742 1054 2802; x_wconf 90' lang='lat' dir='ltr'><strong>omnium</strong></span> <span class='ocrx_word' id='word_1_258' title='bbox 1071 2737 1127 2808; x_wconf 75' lang='lat' dir='ltr'><strong>tls·</strong></span> <span class='ocrx_word' id='word_1_259' title='bbox 1161 2733 1164 2830; x_wconf 65' lang='lat' dir='ltr'><strong>l</strong></span> 
     </span>
     <span class='ocr_line' id='line_1_32' title="bbox 170 2809 1164 2898; baseline 0.016 -37"><span class='ocrx_word' id='word_1_260' title='bbox 170 2821 283 2866; x_wconf 88' lang='lat' dir='ltr'><strong>norum</strong></span> <span class='ocrx_word' id='word_1_261' title='bbox 298 2809 480 2873; x_wconf 78' lang='lat' dir='ltr'><strong>fidissimum</strong></span> <span class='ocrx_word' id='word_1_262' title='bbox 494 2817 633 2878; x_wconf 88' lang='lat' dir='ltr'><strong>Romano</strong></span> <span class='ocrx_word' id='word_1_263' title='bbox 655 2822 768 2882; x_wconf 91' lang='lat' dir='ltr'><strong>nomini</strong></span> <span class='ocrx_word' id='word_1_264' title='bbox 789 2826 927 2898; x_wconf 78' lang='lat' dir='ltr'><strong>regulum</strong></span> <span class='ocrx_word' id='word_1_265' title='bbox 953 2823 1127 2885; x_wconf 79' lang='lat' dir='ltr'><strong>occiderunt:</strong></span> <span class='ocrx_word' id='word_1_266' title='bbox 1162 2839 1164 2896; x_wconf 67' lang='lat' dir='ltr'><strong>r</strong></span> 
     </span>
     <span class='ocr_line' id='line_1_33' title="bbox 169 2889 1129 2984; baseline 0.012 -40"><span class='ocrx_word' id='word_1_267' title='bbox 169 2901 224 2958; x_wconf 88' lang='lat' dir='ltr'><strong>per</strong></span> <span class='ocrx_word' id='word_1_268' title='bbox 237 2889 426 2984; x_wconf 81' lang='lat' dir='ltr'><strong>Thessaliam</strong></span> <span class='ocrx_word' id='word_1_269' title='bbox 441 2905 471 2957; x_wconf 91' lang='lat' dir='ltr'><strong>et</strong></span> <span class='ocrx_word' id='word_1_270' title='bbox 484 2897 662 2961; x_wconf 87' lang='lat' dir='ltr'><strong>Maliensem</strong></span> <span class='ocrx_word' id='word_1_271' title='bbox 677 2916 782 2978; x_wconf 84' lang='lat' dir='ltr'><strong>agrum</strong></span> <span class='ocrx_word' id='word_1_272' title='bbox 804 2923 871 2966; x_wconf 89' lang='lat' dir='ltr'><strong>com</strong></span> <span class='ocrx_word' id='word_1_273' title='bbox 887 2909 1027 2969; x_wconf 83' lang='lat' dir='ltr'><strong>exercitu</strong></span> <span class='ocrx_word' id='word_1_274' title='bbox 1042 2907 1129 2966; x_wconf 88' lang='lat' dir='ltr'><strong>contra</strong></span> 
     </span>
     <span class='ocr_line' id='line_1_34' title="bbox 168 2967 1128 3066; baseline 0.014 -40"><span class='ocrx_word' id='word_1_275' title='bbox 168 2967 279 3066; x_wconf 72' lang='lat' dir='ltr'><strong>locrius</strong></span> <span class='ocrx_word' id='word_1_276' title='bbox 294 2970 430 3050; x_wconf 86' lang='lat' dir='ltr'><strong>Delphos</strong></span> <span class='ocrx_word' id='word_1_277' title='bbox 446 2979 509 3051; x_wconf 85' lang='lat' dir='ltr'><strong>istl;</strong></span> <span class='ocrx_word' id='word_1_278' title='bbox 526 2981 682 3059; x_wconf 74' lang='lat' dir='ltr'><strong>Byzantiis</strong></span> <span class='ocrx_word' id='word_1_279' title='bbox 697 2987 768 3047; x_wconf 90' lang='lat' dir='ltr'><strong>item</strong></span> <span class='ocrx_word' id='word_1_280' title='bbox 783 2999 891 3051; x_wconf 90' lang='lat' dir='ltr'><strong>contra</strong></span> <span class='ocrx_word' id='word_1_281' title='bbox 912 2993 1023 3053; x_wconf 84' lang='lat' dir='ltr'><strong>foedus</strong></span> <span class='ocrx_word' id='word_1_282' title='bbox 1037 2980 1128 3048; x_wconf 89' lang='lat' dir='ltr'><strong>misisti</strong></span> 
     </span>
     <span class='ocr_line' id='line_1_35' title="bbox 170 3051 1129 3148; baseline 0.03 -42"><span class='ocrx_word' id='word_1_283' title='bbox 170 3051 299 3112; x_wconf 78' lang='lat' dir='ltr'><strong>auxilia:</strong></span> <span class='ocrx_word' id='word_1_284' title='bbox 320 3066 388 3118; x_wconf 92' lang='lat' dir='ltr'><strong>cnm</strong></span> <span class='ocrx_word' id='word_1_285' title='bbox 410 3061 551 3140; x_wconf 90' lang='lat' dir='ltr'><strong>Boeotis,</strong></span> <span class='ocrx_word' id='word_1_286' title='bbox 573 3069 666 3129; x_wconf 88' lang='lat' dir='ltr'><strong>sociis</strong></span> <span class='ocrx_word' id='word_1_287' title='bbox 685 3063 814 3148; x_wconf 81' lang='lat' dir='ltr'><strong>nostris,</strong></span> <span class='ocrx_word' id='word_1_288' title='bbox 836 3083 987 3136; x_wconf 86' lang='lat' dir='ltr'><strong>secretam</strong></span> <span class='ocrx_word' id='word_1_289' title='bbox 1011 3063 1129 3143; x_wconf 85' lang='lat' dir='ltr'><strong>tibiipsi</strong></span> 
     </span>
    </p>
   </div>
   <div class='ocr_carea' id='block_1_3' title="bbox 98 3141 1164 3484">
    <p class='ocr_par' dir='ltr' id='par_1_6' title="bbox 98 3141 1164 3484">
     <span class='ocr_line' id='line_1_36' title="bbox 168 3141 1164 3234; baseline 0.018 -44"><span class='ocrx_word' id='word_1_290' title='bbox 168 3141 354 3215; x_wconf 78' lang='lat' dir='ltr'><strong>societatem,</strong></span> <span class='ocrx_word' id='word_1_291' title='bbox 372 3161 463 3220; x_wconf 89' lang='lat' dir='ltr'><strong>quam</strong></span> <span class='ocrx_word' id='word_1_292' title='bbox 478 3164 538 3209; x_wconf 93' lang='lat' dir='ltr'><strong>non</strong></span> <span class='ocrx_word' id='word_1_293' title='bbox 552 3149 670 3227; x_wconf 82' lang='lat' dir='ltr'><strong>licebat,</strong></span> <span class='ocrx_word' id='word_1_294' title='bbox 685 3155 878 3218; x_wconf 87' lang='lat' dir='ltr'><strong>iureiurando</strong></span> <span class='ocrx_word' id='word_1_295' title='bbox 898 3158 1054 3234; x_wconf 73' lang='lat' dir='ltr'><strong>pepigisti:</strong></span> <span class='ocrx_word' id='word_1_296' title='bbox 1067 3153 1129 3214; x_wconf 90' lang='lat' dir='ltr'><strong>The·</strong></span> <span class='ocrx_word' id='word_1_297' title='bbox 1163 3151 1164 3154; x_wconf 75' lang='grc'>’</span> 
     </span>
     <span class='ocr_line' id='line_1_37' title="bbox 98 3213 1164 3316; baseline 0.009 -37"><span class='ocrx_word' id='word_1_298' title='bbox 98 3273 101 3279; x_wconf 89' lang='grc'>.</span> <span class='ocrx_word' id='word_1_299' title='bbox 167 3213 264 3278; x_wconf 66' lang='lat' dir='ltr'><strong>&#39;sanos</strong></span> <span class='ocrx_word' id='word_1_300' title='bbox 280 3219 415 3304; x_wconf 85' lang='lat' dir='ltr'><strong>legatos,</strong></span> <span class='ocrx_word' id='word_1_301' title='bbox 429 3229 575 3293; x_wconf 85' lang='lat' dir='ltr'><strong>Euersam</strong></span> <span class='ocrx_word' id='word_1_302' title='bbox 591 3237 832 3316; x_wconf 68' lang='lat' dir='ltr'><strong>ciconiariam,</strong></span> <span class='ocrx_word' id='word_1_303' title='bbox 848 3244 1006 3302; x_wconf 89' lang='lat' dir='ltr'><strong>venientes</strong></span> <span class='ocrx_word' id='word_1_304' title='bbox 1022 3234 1128 3301; x_wconf 89' lang='lat' dir='ltr'><strong>anobis</strong></span> <span class='ocrx_word' id='word_1_305' title='bbox 1163 3255 1164 3258; x_wconf 37' lang='lat'>¹</span> 
     </span>
     <span class='ocr_line' id='line_1_38' title="bbox 168 3311 1130 3402; baseline 0.001 -30"><span class='ocrx_word' id='word_1_306' title='bbox 168 3315 315 3400; x_wconf 64' lang='lat' dir='ltr'><strong>quaerere</strong></span> <span class='ocrx_word' id='word_1_307' title='bbox 334 3311 414 3372; x_wconf 86' lang='lat' dir='ltr'><strong>malo</strong></span> <span class='ocrx_word' id='word_1_308' title='bbox 431 3313 498 3388; x_wconf 90' lang='lat' dir='ltr'><strong>quis</strong></span> <span class='ocrx_word' id='word_1_309' title='bbox 513 3315 695 3380; x_wconf 83' lang='lat' dir='ltr'><strong>interfecerit</strong></span> <span class='ocrx_word' id='word_1_310' title='bbox 711 3339 802 3398; x_wconf 88' lang='lat' dir='ltr'><strong>quam</strong></span> <span class='ocrx_word' id='word_1_311' title='bbox 816 3340 955 3402; x_wconf 77' lang='lat' dir='ltr'><strong>arguere.</strong></span> <span class='ocrx_word' id='word_1_312' title='bbox 982 3327 1014 3385; x_wconf 89' lang='lat' dir='ltr'><strong>in</strong></span> <span class='ocrx_word' id='word_1_313' title='bbox 1024 3315 1130 3382; x_wconf 83' lang='lat' dir='ltr'><strong>Aetolia</strong></span> 
     </span>
     <span class='ocr_line' id='line_1_39' title="bbox 168 3379 1164 3484; baseline 0.025 -45"><span class='ocrx_word' id='word_1_314' title='bbox 168 3379 277 3444; x_wconf 87' lang='lat' dir='ltr'><strong>bellum</strong></span> <span class='ocrx_word' id='word_1_315' title='bbox 293 3393 468 3456; x_wconf 87' lang='lat' dir='ltr'><strong>mlestinum</strong></span> <span class='ocrx_word' id='word_1_316' title='bbox 483 3406 512 3458; x_wconf 89' lang='lat' dir='ltr'><strong>et</strong></span> <span class='ocrx_word' id='word_1_317' title='bbox 531 3402 642 3463; x_wconf 89' lang='lat' dir='ltr'><strong>caedes</strong></span> <span class='ocrx_word' id='word_1_318' title='bbox 662 3405 832 3482; x_wconf 86' lang='lat' dir='ltr'><strong>principum</strong></span> <span class='ocrx_word' id='word_1_319' title='bbox 848 3425 904 3484; x_wconf 89' lang='lat' dir='ltr'><strong>per</strong></span> <span class='ocrx_word' id='word_1_320' title='bbox 923 3424 1003 3484; x_wconf 83' lang='lat' dir='ltr'><strong>quos</strong></span> <span class='ocrx_word' id='word_1_321' title='bbox 1016 3404 1072 3466; x_wconf 91' lang='lat' dir='ltr'><strong>nisi</strong></span> <span class='ocrx_word' id='word_1_322' title='bbox 1084 3412 1131 3476; x_wconf 79' lang='lat' dir='ltr'><strong>pet</strong></span> <span class='ocrx_word' id='word_1_323' title='bbox 1163 3397 1164 3400; x_wconf 66' lang='grc'>’</span> 
     </span>
    </p>
   </div>
   <div class='ocr_carea' id='block_1_4' title="bbox 0 0 1186 3862">
    <p class='ocr_par' dir='ltr' id='par_1_7' title="bbox 0 0 1186 3862">
     <span class='ocr_line' id='line_1_40' title="bbox 0 0 1186 3862; baseline 0 3"><span class='ocrx_word' id='word_1_324' title='bbox 0 0 1186 3862; x_wconf 95' lang='lat' dir='ltr'><strong> </strong></span> 
     </span>
    </p>
   </div>
  </div>
 </body>
</html>
