2364 3862
178 195 239 258 roe
345 192 562 254 urennxun.
585 192 667 253 can.
681 201 782 258 rau.
804 201 840 267 [a.
854 153 1000 268 nacon

260 346 364 408 XLVI.
378 345 510 406 Perseus
525 359 594 404 cum
605 345 643 404 ab
657 345 811 421 colloquio
822 346 1030 406 Romanorum
1045 346 1075 405 in
1086 346 1141 407 lla·

177 430 337 494 eedoniam
352 428 525 504 recepisset
541 443 631 501 sese,
655 428 772 503 legatos
792 429 921 489 Romam
942 430 982 490 de
1001 429 1140 490 inchoatis

176 532 245 576 cum
258 513 373 574 Marcio
391 510 625 574 condicionibus
646 512 732 587 pacis
754 512 850 587 misit,
872 520 903 574 et
922 513 1102 588 Byzantium
1119 521 1141 576 el

176 598 318 660 Rhodum
333 597 449 658 litteras
465 595 576 670 legatis
588 595 732 656 terendus
748 597 841 656 dedit.
870 595 900 655 in
921 596 1029 656 litteris
1044 597 1141 656 eaden

175 681 326 744 sententia
340 681 380 740 ad
396 694 504 740 omnes
519 686 598 752 erat,
615 679 799 739 collocutum
814 694 849 738 se
862 694 932 740 cum
945 681 1142 740 Romanorum

175 766 299 841 legatis;
317 779 398 840 quae
413 762 553 824 audisset
567 778 710 839 quaeque
724 763 854 823 dixisset
875 763 917 824 ita
938 763 1142 838 dispositam

176 848 316 925 superior
334 847 431 907 luisse
444 844 475 908 in
493 846 715 922 disceptatione
725 847 822 906 videri
833 854 949 922 posset
976 848 1059 923 apud
1070 847 1142 908 Rho·

175 933 245 993 dios
260 932 351 1006 legati
367 929 551 991 addiderunt
565 930 723 991 confidere
736 945 845 1005 pacem
861 932 1007 1001 loturam
1023 931 1142 990 auetori-

176 1016 233 1076 bus
249 1016 330 1076 enim
345 1015 460 1079 Marcio
476 1021 568 1090 atque
580 1014 673 1074 Atilio
688 1015 803 1076 missos
816 1014 944 1074 Romam
965 1015 1092 1089 legatos.
1122 1013 1141 1074 si

175 1106 339 1176 pergerent
352 1097 481 1158 Romani
494 1105 601 1160 eontra
611 1098 721 1158 foedus
736 1113 860 1158 movere
873 1097 995 1170 bellum,
1013 1105 1075 1158 tum
1088 1113 1142 1157 om-

175 1183 206 1243 ni
221 1184 335 1258 gratia,
351 1182 434 1243 omni
449 1197 510 1256 ope
524 1181 698 1242 enitendum
719 1182 786 1243 iore
806 1181 951 1256 Rhodiis,
972 1180 1141 1242 ntreeonci

175 1268 249 1328 lient
268 1282 393 1343 pacem:
409 1266 436 1326 si
451 1266 525 1326 nibil
540 1265 736 1341 deprecando
753 1265 928 1340 proficiant,
943 1264 976 1323 id
989 1263 1142 1340 agendum,

175 1366 214 1410 ne
229 1351 364 1411 omnium
378 1365 478 1410 rerum
493 1350 541 1411 ius
556 1365 593 1411 ac
609 1355 747 1425 potestas
762 1349 802 1408 ad
816 1365 911 1408 unum
921 1349 1070 1424 populum
1085 1363 1142 1422 per·

175 1435 286 1494 veniat.
317 1448 386 1492 cum
401 1439 572 1492 ceterorum
586 1433 618 1492 id
633 1433 798 1506 iuteresse,
813 1440 877 1492 tum
892 1432 1059 1507 praecipue
1071 1431 1143 1492 Rhe

176 1517 311 1590 diorum,
328 1516 381 1590 qui
400 1517 469 1590 plus
485 1516 564 1576 inter
578 1517 654 1578 alias
672 1517 810 1576 civitates
824 1516 969 1591 dignitate
979 1523 1073 1590 atque
1087 1513 1142 1590 opi·

175 1601 234 1660 bns
251 1599 419 1668 excellere
441 1615 520 1675 quae
540 1615 631 1659 serva
652 1607 745 1687 atque
766 1600 901 1660 obnoxia
915 1600 998 1673 lore,
1013 1601 1040 1658 si
1052 1599 1144 1658 nullus

176 1684 235 1744 alio
254 1684 294 1746 sit
310 1699 401 1758 quam
421 1684 462 1743 ad
482 1683 639 1745 Romanos
663 1691 833 1760 respectus.
863 1683 960 1758 magis
982 1689 1013 1743 et
1036 1683 1145 1742 litterae

176 1774 206 1828 et
222 1767 317 1828 verba
331 1768 500 1842 legatorum
514 1766 646 1842 benigue
660 1775 732 1827 sunt
746 1767 850 1828 audita
865 1783 957 1842 quam
971 1774 1146 1827 momentum

176 1853 216 1912 ad
231 1853 393 1912 mutandos
409 1851 722 1914 animosbabuerunta
738 1852 891 1925 potentior
902 1865 973 1910 esse
986 1851 1080 1925 partis
1093 1865 1145 1908 me·

175 1936 260 1998 lioris
276 1936 440 1996 auctoritas
453 1944 605 2011 coeperat
627 1949 811 2010 responsum
822 1950 862 1996 ex
873 1934 997 1995 decreto
1010 1941 1058 1992 est
1068 1941 1146 2008 opta·

175 2035 334 2095 rapacem
352 2019 507 2080 Rhodios:
522 2019 548 2079 si
562 2018 676 2080 bellum
690 2025 788 2090 esset,
809 2035 848 2078 ne
871 2017 945 2093 quid
965 2017 1003 2076 ab
1023 2016 1146 2078 Rhodiis

176 2109 315 2177 speraret
329 2110 382 2162 aut
395 2108 513 2178 peteret
526 2117 595 2175 rex,
619 2102 703 2178 quod
726 2109 859 2162 veterem
879 2099 1056 2174 amicitiam,
1078 2101 1146 2160 mul·

176 2185 214 2244 tis
230 2185 412 2259 magnisque
432 2185 546 2244 meritis
568 2201 647 2261 paee
666 2185 809 2262 belloque
830 2193 962 2262 partam,
984 2185 1147 2260 diiungeret

177 2267 235 2328 sibi
252 2269 290 2326 ab
305 2268 463 2329 Romanis.
493 2269 532 2328 ab
547 2268 658 2330 Rhodo
679 2271 843 2330 redeuntes
864 2268 1011 2330 Boeotiae
1031 2282 1148 2343 quoque

177 2351 331 2426 civitates,
347 2358 376 2411 et
388 2351 506 2412 Thebas
522 2360 551 2412 et
565 2352 735 2414 Coroneam
756 2359 786 2417 et
797 2353 987 2423 Haliartum,
1005 2352 1146 2420 adierunt,

178 2434 290 2510 quibus
305 2451 486 2512 expressum
502 2436 603 2497 invitis
624 2435 870 2510 existimabatur,
893 2443 926 2496 nt
945 2436 1051 2496 relicta
1070 2434 1148 2508 regia

177 2519 480 2582 societateltomanis
492 2521 738 2597 adiungerentur.
756 2519 891 2580 Thebani
903 2519 975 2580 nibil
989 2519 1062 2579 moti
1074 2524 1146 2586 sunt

178 2619 361 2680 quamquam
382 2603 518 2665 nonnihil
536 2611 567 2664 et
582 2603 733 2665 damnatis
753 2603 943 2679 principibus
964 2610 995 2663 et
1007 2599 1147 2663 restitutis

176 2688 337 2748 exsulibus
360 2687 584 2749 succensebant
604 2687 760 2748 Romanis.
800 2686 950 2748 Coronaei
970 2694 1001 2747 et
1019 2682 1148 2746 Haliartii

177 2771 283 2831 lavore
299 2772 432 2845 quodam
447 2771 538 2832 insito
553 2771 582 2831 in
598 2786 688 2846 reges
703 2772 820 2846 legatos
832 2772 863 2831 in
874 2769 1088 2831 Macedoniam
1101 2766 1147 2828 mi·

178 2861 282 2913 serunt
296 2856 482 2928 praesidium
497 2861 651 2930 petentes,
667 2869 728 2930 quo
744 2870 779 2914 se
794 2855 944 2916 adversus
959 2855 1149 2929 impotentem

178 2937 352 3011 superbiam
372 2939 585 3000 Thebanortun
605 2939 682 2999 tueri
705 2938 835 3013 possint.
869 2938 917 2998 eui
942 2938 1088 3012 legationi
1106 2949 1146 2994 re·

178 3036 325 3094 sponsum
341 3021 379 3080 ab
394 3037 467 3097 rege
482 3028 530 3082 est
543 3021 728 3098 praesidium
744 3038 780 3082 se
797 3029 922 3097 propter
937 3020 1072 3082 indutias
1087 3033 1150 3078 cum

177 3102 322 3164 Romanis
338 3106 434 3165 lactas
450 3106 567 3166 mittere
581 3121 643 3165 non
659 3121 769 3181 possea
783 3112 883 3166 tamen
898 3105 1047 3180 suadere,
1062 3103 1101 3164 ita
1115 3101 1151 3160 ab

176 3186 388 3248 Thebanorum
402 3189 535 3263 iniuriis,
551 3204 613 3262 qua
627 3198 770 3264 possent,
793 3197 826 3249 ut
845 3204 880 3248 se
894 3189 1100 3259 vindicarent,
1114 3197 1150 3242 ne

178 3269 322 3331 Romanis
339 3271 522 3346 praeberent
535 3286 661 3332 causam
675 3273 705 3332 in
721 3289 756 3334 se
769 3271 938 3333 saeviendi.

261 3351 378 3414 XLVII.
394 3354 527 3414 Marcius
539 3361 570 3414 et
582 3355 694 3417 Atilius
704 3357 833 3418 Romam
848 3373 916 3416 eum
927 3354 1095 3428 venissent,
1109 3352 1148 3410 le·

177 3431 330 3511 'gallonem
347 3437 377 3494 in
390 3436 538 3513 Capitolio
553 3437 595 3499 ita
607 3441 830 3514 renuntiarunt,
853 3446 886 3500 ut
904 3439 987 3499 nulla
1008 3455 1043 3498 re
1057 3433 1149 3510 magis

1176 112 1178 220 l

1176 423 1178 434 l
