2328 3870
179 197 243 274 112Ι
355 197 471 260 LlBER
480 197 554 259 xil.
578 197 985 270 CAP.10.11.[r.U.c.575]

179 366 288 412 caesa:
310 348 403 412 ceteri
418 346 534 410 cmmsc
550 347 630 410 bello
645 348 676 410 in
690 347 829 410 civitates
841 346 955 424 possim
966 345 1127 422 diffugerunt.

178 434 251 496 inde'
274 435 393 508 legatos
415 433 545 508 primum
567 432 606 494 ad
623 445 736 508 pacem
754 432 917 508 petendam
938 431 967 492 in
983 431 1127 492 costralto·

178 534 276 592 mana,
295 516 408 580 deinde
423 516 550 578 obsides
565 514 733 592 imperatos
748 516 905 580 miserunt.
927 513 1000 580 hoec
1014 529 1072 576 curm
1083 514 1128 573 lto·

177 618 248 664 mue
259 601 382 676 cognita
397 599 504 660 litteris
518 601 739 676 precoosnlum
753 599 912 674 essenti).
931 597 1062 660 Claudius
1074 613 1127 658 con·

179 689 227 746 sul
239 686 371 758 serious,
387 699 426 744 nc
444 684 522 746 torte
536 699 573 744 ea
586 699 638 746 res
654 683 843 760 provinciam
859 681 1075 756 exercitumque
1086 679 1127 740 sibi

179 770 341 841 adimeret,
356 769 513 829 convotis
529 769 729 843 nuncupans,
744 783 806 830 non
824 766 976 843 paludatis
991 763 1127 836 lictoribus,

177 869 240 914 uno
254 852 388 912 omnium
403 853 532 912 certiore
546 852 627 913 lactc
642 853 761 926 collega
776 857 866 912 nocte
882 850 1044 926 protectus,
1062 853 1127 922 prac-

177 952 255 1010 ccps
269 936 300 994 in
316 935 506 1011 provinciam
522 934 609 1005 abiitr
636 935 689 996 ubi
706 933 911 998 inconsultius
928 949 1017 1009 quem
1031 935 1128 992 venerut

179 1035 214 1080 se
229 1019 336 1094 gessit
358 1034 427 1078 narn
444 1034 513 1079 cum
528 1019 671 1080 condona
686 1020 837 1080 advocate
851 1019 955 1093 lupam
967 1033 985 1077 e
999 1015 1092 1078 castris
1102 1017 1127 1074 Α.

178 1101 281 1163 Manlii
302 1102 442 1164 aduersis
469 1103 594 1164 auribus
613 1101 757 1175 militum,
783 1103 900 1178 quippe
922 1102 972 1177 qui
992 1100 1070 1176 primi
1086 1097 1127 1174 ipsi

178 1185 339 1262 fugissent,
352 1185 514 1260 iactasset,
530 1193 561 1246 et
575 1186 760 1263 ingessisset
774 1186 890 1262 probra
903 1186 944 1246 M.
959 1184 1054 1256 lunio,
1066 1181 1128 1259 quod

177 1287 214 1331 se
226 1271 390 1332 dedecoris
401 1268 520 1332 socium
533 1269 670 1345 collegae
679 1268 814 1344 lecisset,
822 1271 1033 1332 adexnemum
1043 1275 1128 1328 noun·

179 1369 240 1430 que
254 1354 406 1414 decedere
420 1353 578 1428 provincia
591 1351 690 1415 iussit.
713 1354 879 1430 quodcum
894 1354 1012 1428 illitum
1022 1348 1128 1414 consulit

177 1437 306 1511 imperio
321 1437 401 1496 dicto
418 1435 576 1497 audientes
588 1437 706 1499 tuturos
720 1452 791 1498 esse
803 1438 949 1509 dicerent
960 1436 1059 1498 cuntis
1068 1446 1129 1493 more

177 1520 343 1593 maiorum,
363 1519 534 1580 secundum
549 1528 621 1580 vota
635 1520 666 1580 in
681 1520 830 1596 Capitolio
846 1526 1033 1596 nuncupata,
1045 1515 1129 1578 lictori·

178 1603 237 1664 bus
251 1603 404 1679 paludatis
417 1603 575 1678 protectus
591 1603 629 1663 ab
644 1603 720 1666 urbe
738 1611 829 1677 essct,
845 1607 951 1666 tirrens
966 1605 1129 1666 uauocaom
1156 1639 1157 1642 κ

179 1687 231 1762 qui
247 1701 309 1763 pro
331 1692 495 1762 quaestore
512 1685 614 1748 Manlii
631 1695 697 1750 erat
714 1694 838 1750 catenas
859 1689 1017 1764 poposcit,
1037 1687 1130 1746 vinctos
1163 1694 1164 1699 ’

177 1786 213 1831 sc
232 1771 350 1832 lunium
372 1769 579 1848 Manliumque
604 1772 746 1834 minitans
767 1773 896 1836 Romam
919 1773 1084 1834 missurum.
1105 1765 1131 1832 ab
1163 1772 1164 1845 ζ

177 1871 215 1916 eo
238 1871 364 1932 quoque
385 1861 523 1930 spretum
544 1857 680 1918 consulis
694 1856 854 1932 imperium
869 1864 933 1928 est;
956 1863 988 1918 et
1000 1852 1132 1916 cocuntu-

178 1955 232 1999 sus
253 1939 422 2011 exercitus,
445 1941 552 2000 laveris
574 1940 789 2017 imperatorum
808 1953 921 2004 causae
935 1947 969 2001 et
983 1935 1132 2002 consulin-
1163 1932 1164 1945 ¹

177 2025 284 2097 festus,
299 2023 418 2083 animos
434 2024 474 2084 ad
488 2037 549 2084 non
566 2025 735 2099 parendum
752 2023 893 2085 addebat.
921 2031 1072 2100 postremo
1085 2017 1133 2080 lcti-

176 2113 266 2178 gatus
284 2107 393 2166 consul
408 2113 438 2166 et
452 2106 644 2168 contumeliis
660 2108 850 2184 singulorum
864 2113 895 2168 et
908 2105 1134 2170 multitudinis-

176 2203 246 2251 amn
261 2188 389 2262 insuper
403 2187 572 2250 irridebant
581 2221 624 2236 -
633 2190 789 2265 ludibriis,
810 2207 889 2253 nave
904 2193 1015 2254 eadem
1029 2205 1084 2268 qua
1097 2201 1134 2246 ue·
1163 2232 1164 2235 ,

176 2278 263 2331 nerat
275 2271 448 2347 Aquileiam
468 2271 556 2333 redit.
587 2275 660 2335 inde
673 2275 811 2350 collegae
826 2275 966 2351 scripsit,
987 2282 1020 2338 ut
1033 2270 1134 2334 militurn
1159 2313 1160 2316 η

175 2368 326 2414 novnrrun
345 2355 373 2415 ei
393 2355 485 2430 parti,
514 2373 593 2433 quae
615 2357 730 2434 scripta
750 2359 781 2418 in
801 2359 946 2422 Histriam
971 2355 1136 2437 prouinciam

175 2444 268 2511 esset,
282 2438 417 2500 ediceret
427 2439 600 2516 Aquileiam
614 2450 648 2503 ut
659 2443 844 2519 conveniret,
859 2459 898 2504 ne
910 2442 985 2518 quid
997 2459 1031 2506 sc
1041 2443 1136 2502 Romae

174 2527 306 2594 teneret,
332 2539 394 2599 qno
416 2525 516 2587 minus
538 2527 618 2587 votis
642 2526 825 2602 nuncupatis
846 2526 1010 2602 paludatus
1027 2525 1063 2588 ab
1077 2522 1136 2584 urite

174 2606 282 2666 exiret.
307 2606 386 2669 haec
408 2609 544 2684 collegae
565 2611 772 2686 obsequenter
792 2612 886 2686 lacta,
907 2611 1071 2686 brevisque
1086 2607 1163 2668 dies·

174 2691 214 2750 ad
230 2690 476 2752 conveniendum
497 2693 598 2754 edicta
612 2701 668 2754 est.
696 2694 840 2756 claudius
855 2709 955 2770 prope
970 2697 1136 2756 consecutus

174 2780 223 2832 est
242 2774 358 2836 litteras
379 2793 464 2838 suns.
494 2777 637 2838 contione
658 2777 825 2838 adveniens
845 2778 1010 2840 deidonlio
1026 2784 1056 2840 et
1067 2769 1137 2836 lunio

86 2865 87 2868 ’
173 2855 284 2930 habita,
299 2872 361 2916 non
376 2860 455 2918 ultre
469 2857 602 2919 triduum
613 2866 750 2920 moratus
764 2860 889 2936 Romae,
904 2863 1055 2938 paludatis
1068 2858 1137 2919 licto-

171 2937 268 3009 ribus,
284 2940 427 3014 vntisque
440 2939 471 3001 in
484 2940 633 3017 Capitolio
649 2945 842 3019 nuncupatis,
858 2945 888 3005 in
901 2946 1087 3020 provinciam
1099 2955 1138 3001 ae·

174 3035 234 3094 que
256 3037 292 3081 ac
312 3022 397 3096 prius
419 3023 577 3101 praecipiti
599 3026 752 3089 celeritate
772 3028 842 3090 abit
877 3030 927 3092 XI.
953 3028 1060 3105 paucis
1081 3029 1139 3086 note

172 3102 281 3166 diebus
306 3105 411 3166 Iunius
431 3107 627 3184 Manliusque
652 3111 798 3187 oppidum
819 3112 1008 3188 Nesaetium,
1033 3126 1091 3188 quo
1111 3121 1139 3166 se

172 3187 327 3264 principes
347 3189 519 3254 Histrorum
545 3201 574 3255 ct
597 3197 723 3270 regulus
748 3195 817 3272 ipse
836 3197 958 3273 Aepulo
981 3199 1139 3271 receperat

172 3287 291 3367 summa
307 3273 338 3332 ui
355 3291 536 3350 oppugnare
558 3286 732 3354 coeperant.
761 3294 798 3341 eo
814 3279 957 3342 Claudius
973 3279 1091 3342 duabus
1104 3277 1139 3334 le·

170 3355 314 3449 gtcnrbus
329 3359 418 3420 novis
434 3360 583 3437 adductis,
598 3369 702 3424 vetere
713 3364 849 3424 exercitu
860 3379 930 3424 cum
941 3364 1007 3426 suis
1018 3359 1140 3426 ducibus

171 3437 314 3510 dimisso,
336 3440 406 3518 ipse
425 3444 573 3520 oppidum
594 3445 791 3510 circumsedit
809 3453 842 3507 et
855 3446 952 3510 noeis
968 3457 1141 3524 oppugnare
