2328 3870
250 219 670 284 LIBERXL1.CAP.4.s.n
694 226 731 294 [ι.
744 226 776 278 c.
791 225 851 294 ms]
986 218 1047 284 tol

1 353 3 416 Ῐ
67 373 169 434 milites
193 372 366 448 perierunt,
386 374 491 448 plures
512 373 540 431 in
563 373 709 434 matutina
727 375 801 450 iuga
822 391 913 450 quam
926 373 958 436 in
971 376 1047 438 recl·

67 456 181 532 piendis
198 456 318 516 castris.

1 595 2 598 ,
143 541 183 598 V.
206 539 298 600 Forte
311 540 352 598 ita
364 539 472 613 evenit,
486 546 520 599 ut
531 539 584 599 Cn.
596 547 627 600 et
636 539 669 599 L.
683 539 801 600 Gavillii
811 540 939 615 Novelli,
950 543 1047 618 Aqui·

1 657 2 703 q
66 623 205 696 leienses,
222 638 292 684 cum
307 630 478 683 commeatu
492 622 665 695 venientes,
687 623 785 698 ignari
799 639 899 700 prope
912 623 943 683 in
958 633 1048 700 capta

65 716 162 769 castra
176 705 216 766 ab
231 705 343 766 Histris
359 707 536 768 inciderent
558 706 578 765 ii
594 721 663 767 cum
676 707 851 782 Aquileiam
864 706 978 768 relictis
993 708 1046 768 im-

66 789 247 868 pedimentis
272 789 474 864 refugissent,
500 789 602 850 omnia
627 797 745 851 terrore
768 805 805 850 ec
830 790 959 852 tumultu
985 807 1046 853 non

66 874 223 950 Aquileiae
237 874 331 934 modo
346 873 403 933 sed
416 873 534 934 Romae
549 887 674 950 quoque
689 881 761 950 pest
779 889 897 949 paucos
912 874 980 936 dies
992 876 1046 936 irn-

1 963 2 1024 l
67 960 240 1034 pleverunt;
263 973 325 1032 quo
346 971 406 1016 nou
429 965 520 1034 capta
534 964 649 1018 tantum
663 965 765 1018 castra
778 958 817 1017 ab
830 957 971 1020 hostibus
989 974 1047 1020 nec

0 1065 1 1076 2
67 1043 148 1117 tuga,
170 1057 252 1116 quae
267 1057 342 1102 vera
356 1049 435 1114 erat,
457 1041 514 1101 sed
529 1041 666 1118 perditus
681 1056 733 1102 res
749 1040 944 1117 deletumque
957 1057 1045 1104 exer·

67 1125 151 1185 citum
173 1140 296 1186 ornnem
317 1125 450 1184 adlatum
465 1132 522 1185 est.
552 1125 672 1200 itaque,
694 1124 779 1199 quod
793 1125 824 1183 in
837 1124 965 1186 tumultu
978 1125 1046 1185 fleri

67 1209 147 1282 solet,
163 1208 295 1269 dilectus
310 1215 394 1268 extra
409 1208 547 1268 ordinem
562 1223 624 1267 non
640 1208 669 1266 in
685 1207 760 1267 urbe
774 1212 900 1273 tuntum,
915 1208 972 1268 sed
983 1216 1047 1270 tou

66 1292 146 1352 ltalia
159 1291 277 1352 indicti.
310 1291 390 1351 duae
404 1293 544 1366 legiones
559 1289 672 1352 civium
686 1289 894 1352 Romanorum
910 1293 1046 1354 couscri-

66 1383 145 1452 plne,
167 1383 198 1436 et
219 1375 327 1435 decem
347 1373 429 1435 milia
449 1373 586 1452 peditum
607 1389 676 1435 cum
697 1374 852 1450 equitibus
871 1375 1045 1452 quingentis

67 1459 153 1520 sociis
169 1457 303 1519 nominis
317 1458 415 1518 Latini
429 1459 586 1534 imperata.
614 1455 656 1518 Μ.
670 1458 775 1520 lunius
790 1461 899 1522 eonsul
914 1459 1045 1522 transire

65 1543 223 1603 inGalliam
235 1549 266 1602 et
276 1543 314 1602 ab
327 1542 498 1603 civitatibus
509 1542 686 1619 provinciae
698 1544 774 1617 eius,
788 1549 935 1619 quantum
946 1559 1042 1620 quae·

1 1656 2 1661 1
66 1643 120 1702 que
135 1633 261 1701 posset,
282 1625 407 1686 militum
425 1627 549 1701 exigere
565 1626 680 1688 iussus.
714 1627 804 1687 simul
819 1629 990 1702 decretum,
1010 1633 1045 1688 ut

63 1711 101 1771 Ti.
116 1708 264 1771 Claudius
285 1717 408 1784 praetor
428 1710 572 1790 militibus
592 1711 724 1785 legionis
739 1719 865 1785 quartae
879 1718 910 1771 et
924 1711 1043 1771 socium

1 1838 2 1854 l
63 1793 154 1854 Latini
176 1793 309 1854 nominis
330 1793 465 1869 quinque
486 1791 623 1868 milibus,
643 1793 779 1868 equitum
799 1794 938 1854 ducentis
957 1793 1041 1868 quin·

64 1877 221 1953 quaginta,
236 1876 324 1938 Pisas
338 1885 371 1938 ut
386 1877 599 1949 convenirent,
617 1875 759 1949 ediceret,
775 1891 905 1950 eumque
920 1876 1043 1950 provin-

64 1963 151 2036 ciam,
177 1962 251 2020 dum
277 1963 386 2023 consul
409 1961 481 2021 inde
501 1960 639 2033 abesset,
666 1965 830 2029 tutaretur;
857 1958 897 2018 Μ.
921 1957 1043 2018 l'itinius

63 2053 188 2121 praetor
198 2045 350 2120 legionem
366 2046 508 2121 primam,
524 2059 630 2119 parem
644 2049 802 2104 numerum
820 2042 974 2104 sociorum
990 2058 1042 2117 pe·

1 2161 2 2190 t
63 2130 154 2190 ditum
180 2129 393 2205 equitumque,
418 2128 587 2188 Ariminum
614 2127 780 2188 convenire
802 2127 928 2188 luberet.
961 2125 1041 2186 Nero

1 2218 2 2238 ¹
62 2211 222 2288 paludatus
237 2213 325 2273 Pisas
346 2213 376 2272 in
398 2212 587 2289 provinciam
607 2218 656 2271 est
670 2212 845 2288 protectum
866 2211 994 2271 Titinius
1010 2209 1042 2269 C.

1 2305 2 2351 t
64 2295 168 2358 cassio
189 2295 312 2357 tribuno
334 2295 460 2356 militum
473 2292 657 2368 Ariminum,
680 2295 733 2370 qui
747 2301 907 2371 praeesset
920 2293 1042 2368 legioni,

63 2377 153 2440 misso
170 2381 313 2441 dilectum
327 2381 444 2440 Romae
458 2377 572 2438 habuit.
598 2379 639 2436 Μ.
654 2378 759 2439 lunius
775 2381 884 2440 consul
899 2394 938 2440 ex
952 2378 1042 2452 Ligu-

64 2463 143 2526 ribus
155 2464 185 2523 in
198 2464 388 2539 provinciam
396 2462 522 2522 Gelliam
533 2469 756 2536 transgressus,
769 2462 889 2523 auxiliis
903 2461 1042 2536 protinus

64 2562 116 2621 per
130 2547 269 2608 civitates
282 2547 396 2607 Galliae
407 2545 615 2622 militibusque
627 2544 756 2606 coloniis
768 2545 933 2618 imperatis,
946 2541 1042 2618 Aqui-

65 2630 147 2690 leiam
173 2629 324 2707 pervenit.
359 2631 401 2690 ibi
422 2631 533 2690 certior
553 2631 652 2689 iactus
674 2626 840 2686 exercitum
860 2626 1042 2686 incolumem

65 2727 141 2788 esse,
155 2713 279 2790 scriptis
294 2714 400 2774 litteris
414 2713 553 2786 Romam,
570 2727 609 2772 ne
623 2712 891 2780 tumultuarentur,
912 2707 980 2783 ipse
994 2723 1042 2768 re·

1 2867 2 2876 χ
65 2797 161 2858 missis
178 2797 318 2870 auxiliis,
340 2813 420 2872 quae
436 2796 529 2857 Gallis
544 2797 762 2870 imperaverat,
778 2793 818 2854 ad
833 2794 981 2867 collegam
996 2800 1044 2854 est

1 2888 2 2916 t
65 2881 226 2953 protectus.
249 2883 365 2942 Romae
379 2895 490 2956 magne
505 2895 544 2940 ex
558 2877 743 2954 necopinato
758 2877 870 2940 laetitia
881 2876 950 2937 luit:
967 2877 1041 2938 dile·

1 2957 2 3046 }
66 2969 126 3024 ctus
134 2965 270 3027 omissus
278 2973 334 3038 est,
343 2965 531 3025 exauctorati
540 2961 790 3039 quisecramento
798 2962 945 3036 dixerant,
953 2969 1040 3022 etex·

65 3049 178 3123 ercitus,
187 3047 376 3125 quiArimini
387 3048 563 3125 pestilentia
571 3047 711 3107 adlectus
724 3053 798 3119 erat,
807 3046 930 3107 domum
938 3044 1042 3106 dimis-

65 3143 123 3190 sus.
143 3133 237 3192 Histri
251 3134 371 3210 magnis
384 3133 483 3208 copiis
495 3147 564 3192 cum
576 3137 679 3191 eastra
689 3129 772 3191 baud
785 3130 892 3205 procul
905 3127 1041 3190 consulis

66 3215 166 3276 castris
178 3215 334 3291 haberent,
342 3223 509 3292 postquam
521 3216 646 3275 alterum
656 3215 814 3274 consulem
825 3229 894 3274 cum
905 3211 1042 3273 exercitu

66 3311 140 3358 novo
155 3300 321 3361 advenisse
333 3300 502 3373 audierunt,
514 3297 632 3375 passim
644 3297 675 3356 in
687 3294 824 3358 civitates
836 3293 949 3370 dilapsi
960 3301 1042 3354 sunt.

1 3381 2 3394 ¹
66 3383 201 3445 consules
213 3384 387 3460 Aquileiam
396 3382 427 3443 in
439 3381 568 3442 hiberna
578 3379 718 3456 legiones
731 3380 929 3440 reduxerunt.

144 3467 196 3528 Vl.
219 3467 334 3529 Sedato
350 3466 472 3528 tandem
486 3465 620 3525 Histrico
636 3465 765 3523 tumultu
779 3466 903 3520 senatus
919 3457 1042 3516 eonsul-
