2328 3870
126 206 170 273 64
307 204 422 268 LIBER
436 203 497 265 llL.
519 202 602 266 CAP.
618 209 714 266 1213.
736 205 820 275 [av.
833 223 856 262 c.
867 205 929 274 eto]

127 375 198 420 nam
212 356 239 418 si
255 353 329 418 etin
344 354 490 416 Romanis
504 358 619 414 tentum
633 353 778 414 momenti
792 367 862 413 esse
877 350 1059 420 credebam,
1083 356 1117 410 ιιι

129 457 220 518 quem
234 440 348 501 vellent
360 439 555 513 imponerent
564 435 764 498 Macedoniae
778 450 892 510 rogem,
906 441 937 494 ct
946 446 1037 495 meae
1047 439 1115 494 tan·

127 534 191 588 tum
211 523 296 599 apud
314 538 370 584 eos
391 521 507 596 gratiae
528 519 735 594 confidebam,
759 518 832 594 quid
853 534 932 594 opus
945 516 1116 594 parricidio

127 610 203 671 luitt
229 623 268 668 an
289 612 323 668 ιιι
343 611 499 666 cruentmn
521 604 654 666 iraterm
673 603 769 664 caede
788 601 930 664 diadema
951 606 1119 678 gererent

129 699 162 754 ut
174 689 234 752 illis
256 690 350 765 ipsis,
371 687 455 762 apud
469 703 550 762 quos
565 693 618 748 aut
631 702 707 748 vera
721 694 773 748 nul
787 693 869 748 certe
883 686 1026 748 simulata
1039 700 1117 759 pro·

127 775 221 836 bitate
235 779 354 850 partam
370 769 498 846 gratiam
513 770 630 844 habeo,
651 771 678 832 si
694 786 785 846 quam
804 771 882 830 torte
896 768 1006 844 habeo,
1021 783 1116 830 exse·

128 858 251 920 erabilis
266 863 297 918 et
310 855 428 916 invisus
443 861 567 916 eseemt
588 853 646 914 nisi
661 853 692 915 T.
708 852 880 928 Quinctium
893 852 1005 926 credis,
1024 850 1117 916 cuins

126 942 238 1002 vitute
257 947 288 1001 et
307 938 444 1000 consitiis
464 953 514 999 me
532 953 614 998 nunc
627 938 732 1014 arguis
746 937 826 1014 regi,
848 952 917 998 cnm
932 934 1048 1011 etipse
1064 935 1118 996 tali
1160 951 1161 954 ¹

127 1025 240 1102 pietate
250 1023 333 1084 vivat
343 1038 413 1083 cum
424 1023 527 1096 tratre,
535 1020 606 1082 mihi
619 1021 770 1084 fraternae
782 1019 887 1082 caedis
899 1020 995 1082 irrisae
1007 1025 1118 1082 auom-

127 1124 202 1170 rem.
224 1107 305 1168 idem
320 1122 381 1169 non
396 1107 603 1167 Romanorum
618 1107 718 1167 solum
733 1105 875 1180 gratiam,
896 1104 953 1166 sed
965 1101 1117 1165 Macedo·

129 1209 202 1254 num
222 1190 334 1252 iudicia
349 1206 386 1252 ac
399 1203 499 1265 paene
514 1189 647 1252 omnium
662 1189 791 1253 deorum
805 1187 1025 1262 hominumque
1041 1201 1118 1250 eon·

129 1291 255 1337 sensum
275 1274 411 1349 collegit,
433 1289 489 1348 per
504 1287 584 1349 qnae
598 1274 700 1334 omnia
713 1287 749 1334 se
762 1270 836 1332 mihi
850 1285 955 1348 parem
970 1268 1002 1332 in
1017 1277 1117 1332 certa·
1160 1343 1162 1348 ¹

128 1359 210 1420 mine
235 1372 296 1418 non
323 1358 455 1418 futurum
480 1355 657 1417 crediderim
692 1355 789 1430 idem,
814 1362 969 1430 mmquam
988 1352 1021 1414 in
1047 1353 1118 1416 aliis
1160 1419 1162 1422 ,

128 1440 270 1504 omnibus
289 1441 384 1500 rebus
398 1439 525 1500 inferior
539 1454 657 1514 essem,
677 1439 719 1532 ad
733 1439 860 1500 sceleris
875 1453 964 1514 spem
977 1436 1119 1498 ultimam
1160 1455 1162 1484 =

128 1523 310 1598 confugisse
328 1536 379 1584 me
396 1523 559 1584 insimulat.
596 1521 644 1583 vis
659 1521 739 1584 hanc
752 1523 912 1584 formulam
927 1519 1118 1596 cognitionis
1161 1565 1162 1602 3

129 1624 216 1681 esse,
231 1615 265 1668 ut
278 1612 345 1666 uter
359 1604 504 1679 timuerit,
519 1621 559 1666 ne
572 1607 648 1668 alter
663 1605 783 1680 dignior
796 1605 951 1667 videretur
963 1619 1075 1686 regno,
1090 1605 1118 1666 is

130 1691 292 1753 consilium
306 1687 499 1766 opprimendi
514 1688 616 1751 fratris
630 1689 755 1765 cepisse
769 1688 941 1751 iudicaturi
960 1687 1042 1750 Xlll.
1061 1705 1117 1748 ex·

99 1773 104 1783 '
129 1789 296 1851 sequamur
315 1780 417 1834 tamen
438 1789 635 1850 quocumque
655 1774 750 1836 modo
764 1772 887 1835 conficti
902 1771 1045 1834 ordinem
1060 1773 1119 1834 cri-
1162 1821 1163 1824 ,

129 1860 230 1920 minis.
252 1856 391 1934 pluribus
406 1856 507 1920 modis
518 1855 692 1934 sanctitum
703 1857 880 1919 criminatus
892 1863 949 1931 est
963 1864 1118 1922 etomnes

129 1942 308 2004 insidiarum
320 1941 387 2002 vies
401 1942 431 2001 in
446 1958 540 2003 unum
556 1941 637 2004 diem
647 1941 780 2003 contulit.
803 1942 885 2002 volui
900 1938 1036 2003 interdiu
1046 1956 1120 2004 eum

130 2034 204 2102 post
222 2024 447 2097 lustrationem,
469 2041 539 2086 cum
553 2025 780 2099 concurrimus,
803 2023 989 2100 etquidem,
1011 2024 1040 2086 si
1057 2023 1119 2085 diis
1162 2061 1163 2080 2

130 2111 246 2183 inlucet,
267 2107 479 2168 lustrationum
500 2109 550 2168 die
565 2109 724 2178 occidere;
745 2109 844 2182 volui,
867 2125 936 2169 cum
950 2107 992 2168 ad
1006 2122 1119 2170 cenam

130 2189 269 2264 invitavi,
290 2205 410 2250 veneno
431 2190 550 2252 scilicet
569 2192 691 2263 tollarei
720 2193 819 2267 volni,
841 2207 910 2254 cum
933 2191 1121 2254 comisatum

129 2272 240 2350 gladiis
255 2273 383 2334 accincti
397 2288 447 2332 me
461 2275 558 2334 secuti
573 2282 652 2349 sunt,
667 2276 749 2337 terro
763 2275 945 2337 interlicere.
972 2282 1120 2354 tempora

132 2356 258 2432 quidem
282 2356 385 2432 qualia
405 2357 467 2417 sint
486 2358 526 2417 ad
546 2358 744 2433 parricidirun
763 2361 862 2422 electe
882 2359 986 2420 videsr
1014 2360 1118 2433 lusus,

130 2439 279 2514 convivii,
299 2439 518 2502 comisationis.
547 2443 643 2516 quid?
663 2442 730 2504 dies
745 2443 867 2519 quatiar
888 2457 950 2518 quo
965 2443 1120 2504 lustratus

131 2524 298 2598 exercitus,
320 2539 381 2599 quo
397 2521 475 2585 inter·
489 2524 619 2584 divisam
634 2524 802 2601 victimam,
817 2526 962 2601 praelatis
977 2526 1119 2588 omnium

130 2608 183 2684 qui
206 2623 349 2683 umquem
371 2607 457 2668 luere
470 2607 671 2670 Macedoniae
689 2625 797 2683 regum
810 2611 903 2670 annis
917 2609 1026 2686 regiis,
1050 2609 1118 2671 duo

130 2689 190 2752 soli
204 2698 257 2752 tua
269 2698 408 2766 tegentes
422 2692 532 2765 latera,
554 2699 655 2767 pater,
670 2693 827 2767 praevecti
841 2708 964 2765 sumus,
980 2699 1010 2754 et
1023 2707 1118 2754 secu·

129 2781 192 2835 tum
207 2781 255 2834 est
267 2773 470 2835 Macedonum
484 2790 610 2848 agmone
630 2776 691 2836 lioc
704 2791 773 2851 ego,
787 2777 876 2838 etiam
891 2775 1009 2852 siquid
1024 2783 1119 2838 antea

130 2857 326 2918 admisissem
348 2858 469 2932 piaculo
485 2858 625 2932 dignum,
645 2861 791 2922 lustratus
807 2866 838 2920 et
852 2859 995 2935 expiatus
1009 2875 1117 2932 sacro,

129 2947 194 3001 tum
214 2953 281 2998 cum
300 2940 433 3000 maxime
452 2940 483 3000 in
503 2941 634 3002 hostiam
654 2940 753 3004 itineri
773 2949 879 3005 noslm
894 2943 1119 3006 circumdatam

129 3020 261 3096 intuens,
267 3022 463 3097 parricidium
474 3039 594 3085 venena
604 3025 725 3101 gladios
736 3027 767 3087 in
779 3025 1011 3088 comisationem
1022 3041 1117 3103 prae

130 3113 256 3180 paratos
271 3105 445 3168 volutabam
459 3106 490 3167 in
507 3109 617 3183 animo,
631 3116 665 3170 ut
679 3110 790 3184 quibus
804 3109 872 3172 aliis
887 3110 1000 3172 deinde
1013 3111 1117 3172 sacris

131 3189 365 3251 contaminatam
383 3192 464 3252 omni
484 3192 603 3253 scelere
623 3199 755 3254 mentem
768 3193 949 3270 expimennr
970 3194 1117 3256 sericae

130 3289 186 3333 cus
208 3272 387 3335 criminandi
409 3274 574 3350 cupiditate
594 3273 729 3350 animus,
753 3277 825 3338 dum
846 3277 948 3340 omnin
964 3283 1118 3352 suspecta

130 3358 254 3420 efficere
268 3358 340 3430 vult,
356 3357 440 3418 aliud
454 3357 514 3417 alio
530 3359 698 3420 oonnnndit.
726 3375 797 3420 nam
812 3361 840 3422 si
854 3375 974 3422 veneno
989 3369 1020 3422 te
1035 3361 1119 3422 inter

129 3458 236 3503 cenam
257 3443 364 3502 tollere
383 3439 483 3505 volui.
505 3441 581 3508 ouid
599 3443 699 3504 minus
721 3451 822 3519 aptum
841 3445 895 3506 luit
912 3460 1005 3521 quam
1021 3444 1103 3521 perti
