2364 3862
199 215 312 279 tlltlllt
323 217 422 279 llllll.
442 217 526 279 οΑΡ.
539 224 568 281 o.
582 225 624 281 lo.
645 224 682 291 [a.
694 223 728 275 c.
740 223 802 289 1701
924 219 984 282 197

41 363 175 424 mittendas
190 365 226 424 ad
238 365 268 425 c.
280 363 403 426 Furium
418 367 549 441 legatum
559 367 668 440 Issam,
683 366 737 442 qui
748 383 818 428 cum
829 369 985 442 praesidio

39 448 143 509 duarum
161 449 325 508 Issensium
346 450 469 510 navium
485 451 605 510 insulae
624 457 775 526 praeerat,
791 451 824 490 **
838 451 986 515 miserunt

37 565 69 576 -
86 531 231 591 duomilia
250 531 376 593 militum
402 533 433 592 in
446 549 502 594 eas
523 549 618 594 naves
640 540 713 594 sunt
726 534 883 610 imposita,
905 552 986 610 quae

36 615 66 673 ll.
77 615 193 676 Raecius
208 625 332 692 praetor
352 633 392 676 ex
406 626 532 678 senatus
555 619 696 679 consulto
717 619 747 678 in
769 633 807 678 ea
826 627 913 694 parte
927 619 985 681 lta-

37 697 86 770 iae,
105 715 176 772 quae
190 701 309 760 obiecta
331 701 455 778 Illyrico
471 709 534 775 est,
556 703 742 777 conscripsit
754 725 808 757 -ε
830 710 862 763 et
875 705 985 764 consul

37 781 155 843 Hostilius
165 785 223 858 Ap.
238 784 397 845 Claudiurn
411 786 442 844 ia
453 785 606 864 Illyricum
623 801 692 846 cum
707 794 851 862 quattuor
861 787 983 848 milibus

36 865 142 938 peditum
152 868 244 942 misit,
258 876 293 929 ut
307 870 429 929 accolas
442 868 557 946 lllyrici
573 876 749 930 tutarentur.
764 871 818 945 qui
832 885 894 932 non
910 881 983 932 con·

36 953 113 1010 tentus
125 950 169 1024 iis,
184 965 263 1026 quas
277 953 451 1012 adduxerat
465 951 572 1028 copiis,
587 954 701 1013 auxilia
715 954 754 1014 ab
769 954 863 1014 sociis
878 970 982 1016 corro-

35 1033 112 1104 gando
125 1036 161 1094 ad
176 1043 245 1094 octo
261 1037 344 1096 milia
358 1036 513 1096 hominum
526 1036 614 1097 vario
627 1052 742 1111 genere
756 1036 891 1110 armavit,
913 1055 983 1113 per·

35 1124 171 1192 tantaque
185 1120 267 1178 omni
284 1135 322 1179 ea
335 1120 461 1194 regione
476 1121 515 1180 ad
529 1120 722 1197 Lychnidum
736 1122 984 1182 Dassaretiorum

35 1201 153 1262 consedit
179 1203 215 1262 X.
238 1203 322 1264 haud
343 1205 452 1279 procul
472 1204 545 1263 inde
565 1205 690 1264 Uscana
708 1205 857 1279 oppidum
877 1203 984 1266 linium

34 1283 187 1360 plerumque
203 1287 310 1348 Persei
331 1297 405 1349 crat.
431 1288 539 1347 decern
559 1286 643 1346 milia
657 1287 768 1347 civium
781 1287 929 1360 hahebat,
953 1295 985 1348 et

34 1367 157 1428 modicum
180 1371 341 1432 custodiae
363 1387 459 1432 causa
477 1369 665 1430 Cretensium
685 1371 883 1449 praesidium.
911 1371 984 1431 inde

33 1449 105 1511 nuntii
121 1453 158 1512 ad
173 1455 333 1516 claudium
344 1455 459 1516 occulti
472 1455 651 1528 veniebant,
679 1455 706 1514 si
726 1455 854 1530 propius
875 1455 982 1530 copias

35 1531 200 1612 admovisset,
216 1547 345 1615 paream
358 1540 425 1599 iore
440 1540 493 1614 qui
507 1540 674 1614 proderent
686 1539 801 1598 urbem.
824 1546 854 1599 et
867 1554 983 1613 operae

35 1619 135 1689 pretium
149 1637 235 1682 esses
258 1639 320 1683 non
335 1639 370 1683 se
384 1621 565 1697 cuneosque
578 1629 708 1695 tantum,
729 1624 785 1683 sed
802 1623 890 1682 etiarn
906 1623 983 1682 mili·

33 1705 66 1758 tes
78 1707 179 1776 praeda
194 1709 398 1783 expleturum
419 1718 496 1782 spes
512 1705 668 1781 cupiditati
682 1705 806 1765 admota
819 1706 860 1764 ita
875 1720 981 1764 occae-

34 1785 92 1845 cavit
102 1789 244 1866 animum,
271 1799 305 1851 ut
324 1806 383 1850 nec
397 1807 436 1849 ex
450 1790 488 1850 iis
504 1789 556 1865 qui
573 1795 722 1848 venerunt
735 1803 922 1862 quemquam
936 1801 983 1846 re·

35 1866 125 1942 liceret,
136 1889 191 1932 nec
203 1875 340 1948 obsides,
354 1873 465 1948 pignus
476 1875 596 1934 iuturos
608 1872 693 1932 aiore
700 1871 837 1932 fraudem
845 1870 985 1944 agendae

36 1950 72 2021 rei,
85 1965 224 2031 posceret,
247 1973 307 2018 nee
322 1957 452 2018 mitteret
466 1958 667 2030 exploratum,
683 1970 741 2016 nec
754 1953 846 2014 iidem
863 1953 984 2028 accipe·

35 2041 73 2091 rel.
90 2037 132 2097 die
150 2046 265 2120 tanturn
286 2048 397 2101 statuta
418 2042 576 2116 proiectus
597 2038 799 2116 aLyohnidc,
821 2037 983 2098 duodecim

35 2115 94 2206 uilia
110 2121 144 2180 ab
162 2125 255 2198 urbe,
274 2125 313 2184 ad
336 2140 427 2200 quam
448 2124 601 2196 tendebat,
623 2125 727 2198 posuit
741 2129 851 2182 castra
874 2127 984 2197 quarta

36 2200 86 2260 rode
96 2207 191 2280 tigilla
205 2211 297 2284 signe
310 2209 404 2268 movit
418 2208 500 2267 mille
511 2209 606 2267 lernae
617 2207 657 2266 ed
669 2206 854 2282 praesidium
866 2211 982 2266 castro-

36 2295 82 2342 nn
92 2290 207 2352 relictis.
229 2293 436 2367 incompositi,
450 2293 544 2366 longo
560 2291 680 2365 agmine
692 2289 792 2362 effusi,
806 2289 982 2366 infrequen-

36 2371 79 2439 iii,
96 2387 155 2434 cum
170 2384 339 2438 noctumns
355 2391 441 2436 error
455 2373 633 2449 dissiparet,
654 2373 694 2432 ad
713 2373 819 2434 urbem
835 2387 983 2447 pervene

36 2459 91 2510 illi·
114 2461 204 2520 crevit
219 2460 422 2535 neglegentia,
443 2467 608 2533 postquam
622 2457 773 2516 neminem
789 2463 938 2515 armatum
952 2453 983 2513 in

18 2537 19 2544 ’
36 2537 104 2596 rrurls
115 2541 263 2604 viderunt
285 2550 418 2602 ceterum
432 2543 485 2602 ubi
497 2542 626 2616 primum
641 2540 699 2599 sub
714 2541 776 2598 ictu
787 2537 838 2596 teli
850 2539 981 2607 luerunt,

37 2613 128 2682 duabus
141 2627 230 2688 simul
245 2627 343 2702 portis
358 2626 533 2701 erumpitur,
549 2632 579 2684 et
593 2622 633 2682 ad
648 2624 810 2682 clamorem
822 2634 983 2694 erumpen-

36 2697 88 2760 lium
104 2706 209 2784 ingens
230 2709 375 2785 strepitus
390 2725 409 2770 e
422 2709 518 2769 muris
533 2714 618 2769 crtus
632 2705 811 2766 ululantium
824 2702 982 2762 mulierum

38 2795 86 2874 illm
103 2795 219 2868 crepitu
229 2793 367 2868 undique
381 2794 476 2867 aeriS,
502 2800 532 2852 et
545 2789 701 2851 incondita
722 2786 880 2848 mullitudo
896 2786 984 2847 turba

37 2871 141 2934 nnlxta
155 2876 259 2938 servili
274 2876 367 2936 variis
381 2876 511 2938 vocibus
527 2873 723 2950 personabat.
745 2871 869 2932 hialam
884 2871 982 2932 muili-

38 2949 88 3020 lies
100 2961 229 3038 undique
245 2961 384 3021 obiectus
398 2970 497 3022 terror
510 2958 619 3029 effecit,
635 2973 674 3016 ne
688 2957 840 3016 sustinere
855 2953 981 3030 primam

38 3041 171 3104 lroceiiam
192 3043 362 3120 eruptionis
385 3043 514 3104 Romani
536 3048 674 3116 possent.
702 3040 805 3114 itaque
832 3039 985 3113 fugientes

39 3115 116 3186 limes
135 3143 224 3203 quarn
244 3135 417 3204 pugnantes
438 3125 609 3200 interempti
631 3131 715 3185 sunu
744 3125 795 3183 vix
817 3125 879 3184 duo
901 3122 984 3183 milia

39 3194 161 3272 hominum
175 3227 245 3274 cum
259 3209 327 3287 ipso
343 3213 443 3285 legato
458 3211 489 3269 in
504 3217 605 3269 castra
620 3209 826 3284 peringerunt.
844 3223 904 3282 quo
917 3209 982 3298 lons

39 3282 87 3351 tius
108 3291 157 3354 iter
180 3295 211 3356 in
238 3303 339 3356 castra
365 3303 444 3367 erat,
471 3309 509 3354 eo
530 3295 635 3368 piures
657 3293 760 3352 lassos
784 3286 983 3351 consectandr

18 3437 20 3442 .
40 3361 147 3438 hostibus
162 3380 252 3456 eopia
266 3379 330 3440 luit.
346 3393 385 3437 ne
396 3383 532 3437 moratus
550 3377 672 3451 quidem
687 3376 717 3434 in
729 3375 838 3436 eastris
850 3370 982 3466 Appius,

41 3455 62 3509 ii
76 3471 138 3522 suos
158 3464 324 3540 dissipatos
346 3462 419 3536 iuga
438 3459 608 3536 colligeret,
630 3473 774 3535 quaeres
796 3457 904 3530 pulails
928 3461 984 3524 per
