2424 3872
181 174 201 237 6
263 173 378 234 LIBER
391 173 522 234 XXXIX.
545 174 627 234 CAP.
642 183 668 238 6.
680 183 706 240 i·
728 181 765 249 [a.
778 181 813 234 U.
825 199 848 234 a.
860 183 921 239 565.
937 197 961 234 a.
974 181 1005 234 0.
1018 183 1079 250 187]

181 343 250 388 rere
265 343 326 387 non
340 323 453 402 potuit,
470 325 502 385 C.
515 323 679 386 Flaminius
693 327 822 388 Romam
837 327 928 388 venit.
957 341 995 386 ao
1010 337 1047 387 eo
1064 328 1160 390 creati

180 411 328 472 consules
353 408 407 485 Sp.
429 409 603 470 Postumius
628 409 757 470 Albinus
780 409 813 484 Q.
835 410 968 470 Marcius
989 409 1159 486 Philippus.

180 501 339 571 praetores
355 492 429 553 inde
443 493 514 553 iacti
528 495 561 553 T.
572 492 711 554 Maenius
726 493 757 552 P.
770 493 927 555 Cornelius
944 491 1030 554 Sulla
1044 493 1075 555 G.
1092 493 1161 556 Cal·

179 577 309 653 pumirs
330 576 400 637 Pisa
420 575 460 636 ll.
482 576 614 637 Licinius
634 576 778 638 Lucullus
800 577 831 638 c.
847 577 989 638 Aurelius
1012 574 1160 652 Scaurus,

179 661 212 722 L.
228 661 385 735 Quinctius
401 658 569 734 caspinus.

263 744 407 806 Extremo
422 744 508 816 anni,
530 741 756 818 magistratibus
772 743 831 806 iam
846 743 971 818 creatis,
992 743 1160 805 antediem

180 827 300 888 tortium
321 843 420 887 nonas
436 826 560 888 Martias
582 827 633 886 Cn.
655 826 787 887 Manlius
809 828 905 888 Vulso
928 827 968 888 de
989 824 1083 887 Gallis
1106 829 1162 903 qui

179 910 286 972 lislam
299 909 438 971 incolunt
450 910 654 985 triumphavit
686 909 785 970 serius
801 911 829 970 ei
845 908 1047 986 triumphandi
1062 925 1162 971 causa

180 994 242 1067 luit,
261 1009 302 1054 ne
311 993 345 1068 Q.
355 994 494 1056 Terentia
507 993 652 1056 Culleone
666 1000 809 1068 praetore
824 1009 949 1054 causam
963 994 1031 1069 lege
1042 993 1163 1055 Petillia

179 1078 303 1152 diceret,
318 1086 351 1138 et
361 1077 503 1140 ineendio
519 1075 610 1138 alieni
624 1077 737 1151 iudicii,
752 1093 814 1152 qno
828 1077 861 1136 L.
875 1075 979 1152 Scipio
995 1077 1161 1138 damnatus

179 1170 252 1234 arna
266 1161 482 1238 conflagraret,
495 1177 533 1222 eo
549 1159 768 1222 intensioribus
783 1159 814 1220 in
826 1175 863 1221 so
874 1176 966 1236 quam
976 1159 1007 1220 in
1018 1161 1103 1220 illum
1114 1160 1161 1220 iu·

178 1244 309 1319 dicibus,
325 1246 407 1322 quod
423 1244 617 1321 disciplinam
630 1243 789 1304 militarem
804 1258 913 1304 severe
928 1243 967 1304 ab
982 1259 1019 1305 eo
1032 1258 1161 1305 conser-

178 1335 279 1388 vatam
298 1343 514 1389 successorem
536 1344 571 1389 se
593 1327 677 1388 omni
694 1342 807 1402 genere
823 1327 964 1388 licentiae
978 1327 1163 1402 corrupisse

179 1412 261 1469 lama
272 1412 421 1472 attadecat.
442 1427 544 1484 oeque
558 1427 596 1472 ea
606 1411 674 1472 sola
684 1408 827 1471 infamiae
839 1417 933 1483 mant
951 1425 1031 1486 quae
1043 1410 1074 1470 in
1086 1425 1163 1486 pra·

177 1493 277 1554 vincia
296 1494 406 1569 procul
426 1493 464 1553 ab
486 1493 583 1554 oculis
605 1495 685 1554 lacta
704 1494 918 1569 narrabantur,
940 1494 998 1554 sed
1015 1508 1053 1554 ea
1066 1494 1163 1554 etiarn

177 1576 284 1652 magis,
297 1578 416 1652 quaein
428 1575 572 1638 militibus
583 1577 650 1638 eius
664 1576 799 1653 quotidie
810 1575 1046 1652 aspiciebantur.
1068 1577 1162 1638 luxu·

177 1660 240 1720 riae
261 1660 341 1720 enim
363 1661 545 1736 peregrinae
564 1661 651 1735 origo
672 1659 866 1721 ab·exercitu
878 1659 1016 1721 Asiotim
1035 1659 1163 1721 invecta

176 1743 207 1803 in
222 1742 328 1803 unbem
343 1751 399 1805 est.
421 1741 442 1803 ii
457 1743 586 1818 prirnum
599 1746 695 1806 lectus
710 1751 841 1818 aeratas,
857 1751 975 1804 vestem
987 1745 1161 1818 suagalnm

176 1825 350 1902 pretiosam,
367 1827 507 1902 plagulas
520 1827 620 1888 atalia
628 1827 751 1902 textilia,
766 1833 797 1887 at
810 1832 963 1903 quactum
973 1825 1162 1901 magnificae

175 1911 373 1986 supellectilis
398 1910 604 1984 habebamus,
629 1911 817 1986 monopodia
835 1917 867 1971 et
890 1911 1006 1972 abacos
1026 1910 1163 1970 Romam

176 1995 374 2054 advexenmt
392 2001 464 2054 tnnc
478 1993 622 2069 psaltriae
637 1994 931 2069 sambucistriaeque
941 1993 1164 2055 eteonvivalia

177 2075 677 2137 ludionunaoblectaruentaaddita
687 2077 802 2152 epulis;
815 2078 925 2151 epulae
934 2091 1058 2153 quoque
1066 2075 1164 2151 ipsae

176 2167 205 2219 et
220 2175 295 2219 cura
307 2169 339 2220 et
353 2166 476 2234 smnptu
490 2159 606 2220 maiore
619 2160 764 2235 apparari
779 2166 916 2235 coeptae.
944 2168 1007 2222 tum
1022 2174 1164 2235 coquus,

175 2243 353 2302 vilissimum
368 2243 501 2317 antiquis
516 2243 699 2318 mancipium
713 2249 745 2305 et
758 2242 968 2305 aestimatione
982 2249 1013 2304 et
1026 2258 1103 2316 usu,
1129 2243 1164 2305 in

175 2326 271 2402 pactio
284 2341 367 2400 esse,
383 2333 414 2385 et
428 2327 513 2400 quod
523 2327 721 2386 ministerium
733 2327 839 2397 luerat,
852 2342 902 2386 ars
914 2326 1020 2387 haberi
1031 2333 1165 2401 coepta.

174 2410 225 2468 vix
247 2417 347 2469 tamen
369 2409 420 2469 illa
442 2425 522 2484 quae
543 2414 606 2470 t'um
627 2409 910 2486 conspiciebantur,
932 2408 1050 2470 semino
1068 2417 1166 2473 erant

173 2494 292 2554 loturae
311 2493 459 2554 luxuriae.
488 2493 554 2552 vll.
583 2492 614 2552 in
629 2492 780 2568 trinnrplm
801 2493 868 2554 tulit
882 2492 934 2553 Gn.
950 2491 1083 2553 Manlius
1103 2509 1165 2556 oo·

172 2593 266 2638 ronns
290 2592 401 2638 amens
426 2578 557 2638 ducenta
582 2574 744 2637 duodecim
765 2576 885 2652 pondo,
909 2576 1165 2651 argentipondo

172 2661 303 2721 ducenta
322 2659 427 2735 viginti
445 2659 543 2734 milia,
564 2660 631 2720 auri
650 2660 755 2734 ponda
777 2659 838 2720 duo
853 2658 935 2720 milia
949 2665 1073 2719 centum
1088 2660 1164 2737 tria,
1197 2717 1199 2746 ἰ

171 2743 369 2804 tetrachmum
384 2744 515 2804 Atticum
536 2751 656 2804 centurn
676 2740 781 2819 viginti
799 2749 920 2817 septem
939 2742 1037 2816 milia,
1061 2743 1165 2806 cista·
1196 2749 1198 2770 ¹

172 2827 303 2902 phorum
325 2826 457 2887 ducenta
478 2826 711 2900 quinquaginta,
739 2825 968 2901 Philippeorum
987 2839 1166 2890 aureorum

172 2925 362 2970 nummorum
377 2908 512 2970 sedecim
527 2908 608 2969 milia
622 2915 775 2970 trecentos
790 2907 911 2984 viginti;
933 2915 965 2970 et
978 2925 1065 2970 arma
1080 2927 1166 2987 spo·

170 2993 275 3068 linque
299 2995 391 3054 multa
412 2992 528 3052 Gallica
548 2993 701 3068 carpentis
725 2998 871 3065 travecta,
897 2991 994 3052 dunas
1017 2991 1167 3057 hostium

169 3077 231 3136 duo
253 3084 283 3137 et
302 3076 523 3152 qninquaginta
543 3076 625 3137 ducti
645 3082 715 3136 ante
740 3091 870 3136 currum.
906 3075 1054 3136 militibus
1078 3093 1165 3153 qua·

169 3159 322 3234 dragenos
337 3160 426 3221 binos
438 3159 581 3221 denarios
597 3159 707 3234 divisit,
722 3159 837 3234 duplex
852 3158 1038 3230 centurioni;
1055 3167 1088 3220 et
1105 3163 1167 3223 sti·

169 3243 315 3318 pendium
330 3244 443 3318 duplex
458 3244 488 3303 in
501 3243 619 3317 pedites
631 3243 730 3312 dedit;
746 3242 855 3317 triplex
868 3241 899 3301 in
912 3242 1042 3316 equites.
1068 3244 1166 3308 multi

169 3327 301 3386 omnium
324 3327 464 3388 ordinum
486 3325 589 3388 donati
609 3324 787 3387 militaribus
803 3324 894 3386 donis
912 3339 1036 3386 currum
1053 3328 1182 3392 seeuti,

168 3419 247 3470 sunt.
276 3411 472 3488 carminaque
489 3426 508 3472 a
522 3411 662 3476 militibus
680 3424 716 3472 ea
729 3409 760 3470 in
776 3409 989 3487 imperatorem
1004 3409 1110 3489 dicta,
1129 3422 1182 3477 ut*
