2368 3858
171 199 234 262 308
310 202 507 262 ΕΡΙΤΟΜΑΕ
524 165 723 263 iisssso'iinni
737 204 1003 264 LXIX—LXXIV.

171 367 184 396 a
203 355 268 396 bonis
288 353 374 394 civibus
393 352 561 402 defenderetur,
584 365 611 393 ne
626 364 693 394 causa
708 354 853 394 certaminum
867 356 940 402 esset,
959 355 982 392 ln
998 352 1101 394 exsilium
1115 364 1156 392 rs·,

170 409 290 449 lanterium
304 407 404 448 ilbodum
423 407 538 459 profectus
558 410 603 455 est,
625 408 700 458 ibique
715 407 811 459 legendo
827 409 850 447 et
864 406 976 447 audiendo
990 417 1082 459 magnos
1095 407 1149 447 rlrns

171 463 313 503 avocabatur.
336 461 436 514 profecto
453 461 478 502 c.
494 461 590 509 illarius,
611 461 729 501 seditionis
748 465 837 510 auctor,
858 462 896 512 qui
911 464 1000 502 sextam
1015 460 1148 502 consulatum

170 528 210 608 ger
229 517 300 556 tribus
320 525 398 568 sparsa
419 515 514 564 pecunia
527 516 621 562 emerat,
641 525 699 565 aqua
714 517 737 554 et
752 516 796 566 igni
811 515 934 555 interdixit.
957 514 1015 554 idem
1029 513 1149 566 Appuleius

170 570 304 611 .atorninus
323 569 425 609 tribunus
444 568 517 620 piebis
535 569 560 610 c.
575 567 700 608 Memmium
714 568 857 608 candidatum
872 568 1015 616 consulatus,
1035 578 1103 619 quem
1116 566 1149 606 ad·

170 625 292 666 versarium
306 623 429 663 actionibus
443 622 490 664 suis
505 621 605 669 timebat,
619 621 709 664 occidit.
727 623 811 673 quibus
825 623 892 665 rebus
904 623 1015 662 concitato
1028 627 1116 669 senatu,
1130 623 1149 660 ln

170 680 233 719 culus
249 687 337 718 causam
352 678 374 716 et
389 676 415 717 G.
430 675 522 723 illarius,
538 674 603 714 homo
617 677 672 715 varii
687 677 710 715 et
724 675 838 717 mutabilis
853 676 935 727 ingenii
950 675 1086 727 consiliique
1100 685 1148 716 sea-

168 743 210 785 per
224 729 344 772 secundum
360 729 476 778 fortunam,
492 729 615 776 transierat,
631 740 681 770 cum
694 739 743 770 eum
757 731 814 771 tueri
829 730 916 770 minime
928 732 1013 781 posset,
1030 738 1149 780 oppressus

169 786 236 826 armis
256 797 305 825 curn
320 782 412 824 Glaucia
432 785 534 834 praetore
556 786 578 823 et
597 783 650 824 aliis
664 783 764 824 eiusdem
780 783 861 824 furoris
876 783 936 823 bello
951 781 1050 835 quodam
1066 781 1149 822 interis

169 843 218 880 ctus
233 841 276 880 est.
297 837 325 881 (i.
342 835 454 879 Caecilius
469 835 576 877 Metellus
589 838 617 876 ab
633 835 714 877 exsilio
728 838 813 889 ingenti
828 837 899 878 totius
914 837 1014 877 civitatis
1029 836 1107 876 favore
1121 845 1148 874 re

168 893 249 933 ductus
262 894 304 932 est.
320 890 357 931 Μ’.
367 889 481 941 Aquillius
494 891 613 942 proconsul
622 891 643 929 in
652 889 730 930 Sicilia
738 891 820 930 bellum
828 890 911 933 servile
920 892 1042 930 cxcitatum
1050 889 1148 930 confecit.

222 944 288 986 LXX·
309 945 363 987 cum
382 942 419 982 lli'.
439 943 550 995 Aquillius
570 943 598 983 de
617 944 716 996 pecuniis
735 945 867 997 repetundis
888 955 978 986 causam
993 943 1093 994 diceret,
1107 945 1149 994 ipsa

168 998 254 1040 iudices
268 1009 346 1050 rogare
361 997 441 1036 uoluit.
454 997 485 1037 Μ.
500 999 617 1046 Antonius,
633 998 671 1050 qul
685 1007 725 1050 pro
740 1009 767 1038 eo
781 998 906 1050 perurebat,
922 999 1021 1038 tunicam
1035 1008 1050 1036 a
1066 1001 1149 1049 pectore

168 1054 218 1094 elus
233 1051 335 1100 discidit,
356 1055 380 1091 nt
394 1050 502 1092 honestas
521 1049 636 1092 elenenses
650 1051 788 1094 ostenderet.
810 1051 962 1094 indubitanter
975 1050 1097 1092 absolutus
1109 1053 1147 1092 est.

169 1107 247 1148 Cicero
268 1107 316 1148 eius
336 1106 368 1145 rei
387 1105 449 1146 solus
464 1109 549 1145 auctor.
569 1106 594 1148 T.
609 1104 690 1146 Didius
705 1106 824 1156 proconsul
839 1105 949 1147 adversus
964 1105 1095 1148 Celtiberos
1107 1104 1148 1144 feli·

168 1162 225 1202 clter
245 1161 360 1212 pugnavit.
380 1157 522 1200 Ptolemaeus
544 1157 678 1210 Cyrenarum
697 1169 748 1208 rex,
768 1160 803 1200 cui
825 1162 995 1212 cognomentum
1009 1159 1090 1211 Aplnni
1105 1157 1146 1204 fuit,

168 1219 269 1256 mortuus
284 1212 388 1256 heredem
403 1212 508 1266 populum
522 1212 642 1254 itomanam
656 1212 757 1264 reliquit,
770 1215 794 1253 et
809 1217 858 1255 eius
872 1215 933 1265 regni
945 1214 1052 1254 civitates
1065 1215 1149 1254 senatus

169 1270 252 1310 liberas
266 1280 317 1310 esse
331 1268 405 1308 lussit.
421 1267 582 1309 Ariobarzanes
596 1268 617 1305 in
632 1277 723 1319 regnum
738 1267 894 1320 cappadociae
908 1279 922 1307 a
934 1266 959 1306 i..
972 1266 1078 1308 Cornelio
1090 1264 1149 1305 Sulla

168 1323 275 1365 reductas
290 1325 333 1364 est.
355 1319 487 1360 Parthorum
501 1320 579 1372 legati,
601 1330 680 1373 arege
694 1323 775 1362 Arsace
789 1321 864 1370 missi,
885 1324 995 1361 venerunt
1014 1319 1147 1366 adsultare,

168 1380 194 1417 ut
207 1376 326 1416 amicitiam
341 1375 416 1427 populi
433 1374 525 1414 Romani
540 1377 650 1426 peterent.
670 1375 696 1418 P.
711 1375 823 1425 Rutilius,
845 1377 880 1415 vir
893 1386 992 1416 summae
1007 1374 1148 1419 innocentiae,

169 1431 272 1482 quonlam
288 1429 374 1480 legatus
389 1428 416 1470 0.
433 1428 500 1468 iliucii
515 1428 655 1479 proconsulis
674 1439 687 1467 a
702 1427 869 1480 publicanorum
884 1429 974 1470 iniuriis
986 1431 1064 1469 Asiam
1079 1426 1146 1466 defen·

167 1483 239 1532 derat,
254 1483 341 1523 invisus
356 1483 453 1532 equestri
469 1481 548 1532 ordini,
563 1493 632 1532 penes
647 1492 712 1534 quem
727 1483 809 1523 iudicia
821 1490 890 1530 erant,
905 1482 1082 1534 repetundarum
1095 1479 1148 1519 dum·

168 1539 234 1577 natus
248 1537 270 1574 in
285 1535 390 1576 exsilium
404 1535 486 1576 missus
501 1541 543 1578 est.
560 1535 585 1576 G.
594 1535 685 1576 Sentias
696 1538 787 1589 praetor
800 1536 909 1578 adversus
921 1535 1020 1577 'l'lrracas
1035 1533 1149 1575 infeliciter

167 1591 396 1690 iiiiiiiifiiii
411 1590 1007 1695 infruniti:iiiiiini‘i'iiiiitiiii',
1019 1586 1148 1686 ‘iiiiii

168 1710 256 1740 causam
277 1699 326 1737 eins
345 1697 375 1737 lif.
395 1696 459 1736 Lirin
479 1696 553 1739 Druso
568 1697 656 1737 tribuno
671 1697 757 1749 plebis,
779 1699 816 1750 qui
836 1702 861 1739 ut
881 1698 940 1740 rires
955 1699 999 1739 sibl
1019 1698 1147 1747 acquireret,

167 1752 293 1806 perniciosa
306 1761 347 1802 spe
362 1749 485 1801 largitionis
500 1752 587 1803 plebem
602 1753 729 1793 concitavit.
751 1755 866 1803 praeterea
880 1755 954 1793 motus
969 1751 1050 1803 Syriae
1068 1760 1143 1801 regum

168 1818 212 1858 que
228 1807 335 1846 continet.

221 1859 298 1900 LXXl.
318 1858 349 1898 lii.
365 1860 442 1900 Livius
456 1858 545 1901 Drusus
564 1860 666 1900 tribunus
687 1859 759 1910 plebis
777 1863 802 1900 ut
821 1861 941 1900 maioribus
961 1859 1049 1898 viribus
1062 1857 1146 1898 senatus

168 1925 256 1956 causam
270 1917 398 1963 susceptam
412 1915 519 1962 tueretur,
534 1914 607 1954 socios
621 1915 644 1954 et
659 1913 747 1955 italicos
761 1914 857 1966 populos
872 1925 912 1965 spe
927 1913 1026 1953 civitatis
1040 1911 1145 1952 Romanae

168 1969 314 2012 sollicitavit,-
340 1969 412 2018 iiaqne
430 1967 587 2008 adiuvantibus
611 1977 650 2019 per
670 1968 713 2006 rim
736 1966 823 2020 iegibus
842 1969 936 2020 agrariis
956 1965 1146 2013 frumentariisque

167 2023 230 2070 latis,
250 2020 388 2061 iudiciariam
403 2030 492 2072 quoque
508 2020 611 2073 pertulit,
627 2023 651 2060 ut
666 2031 738 2072 aequa
752 2025 814 2074 psrte
829 2021 911 2061 iudicia
926 2031 997 2072 penes
1012 2023 1113 2060 senatum
1127 2017 1145 2055 ei

167 2078 294 2128 equestrem
309 2073 408 2114 ordinem
424 2077 506 2115 essent.
522 2085 571 2114 cum
585 2073 666 2116 deiude
680 2077 789 2126 promissa
803 2075 872 2116 sociis
886 2075 965 2114 civitas
980 2071 1092 2124 praestari
1106 2081 1145 2109 non

167 2132 257 2181 posset,
274 2129 324 2167 irati
340 2127 409 2166 italici
424 2126 570 2168 defectionem
585 2130 668 2180 agitare
682 2132 812 2181 coeperunt.
834 2139 910 2169 eornm
925 2129 1036 2168 coitiones
1050 2125 1144 2165 coniura

167 2184 284 2231 tionesque
299 2183 322 2220 et
336 2181 449 2221 orationes
464 2182 484 2219 in
500 2181 601 2221 conciliis
615 2184 739 2233 principum
754 2183 884 2223 referuntur.
900 2183 992 2236 propter
1005 2192 1062 2233 quae
1073 2179 1145 2219 Livius

166 2235 254 2276 Drusus
274 2234 360 2273 invisus
378 2233 444 2272 etiam
462 2234 549 2274 senatui
564 2233 636 2275 factus
651 2237 715 2276 reiut
729 2237 820 2278 socialis
835 2236 888 2277 belli
903 2238 994 2283 auctor,
1017 2236 1145 2274 incertuma

168 2299 220 2339 quo,
236 2286 295 2326 domi
310 2286 397 2326 occisus
411 2288 454 2328 est.

220 2339 308 2384 nxxri.
329 2340 401 2380 italici
415 2339 491 2392 populi
507 2339 636 2381 defecerunt
651 2341 763 2392 Picentes,
779 2342 872 2391 Vestini,
888 2342 963 2394 lilarsi,
980 2341 1076 2393 Peligni,
1090 2340 1142 2381 diar-

167 2395 250 2445 rucini,
269 2393 392 2442 Samnites,
415 2394 505 2446 Lucani,
521 2395 584 2435 initio
598 2393 654 2435 helil
667 2407 681 2435 a
694 2396 825 2438 Picentibus
839 2399 907 2440 moto.
928 2397 957 2440 Q.
971 2395 1083 2437 Servilius
1097 2405 1142 2446 pro

167 2448 245 2492 conani
265 2449 287 2488 in
306 2447 389 2501 oppido
402 2448 485 2490 Asculo
504 2460 553 2490 cum
574 2450 677 2491 omnibns
695 2451 782 2492 civibus
794 2450 914 2500 Romanis,
935 2451 1011 2502 quiin
1025 2461 1051 2489 eo
1066 2447 1144 2500 oppido

167 2506 238 2551 erant,
252 2503 341 2544 occisus
356 2505 397 2543 est.
412 2513 466 2553 saga
480 2503 577 2555 populus
591 2505 693 2555 sumpsit.
709 2503 761 2547 Ser.
779 2504 851 2546 Galba
864 2516 878 2545 a
892 2504 991 2544 Lucania
1004 2501 1142 2555 cumprehen·

167 2570 208 2601 sus
222 2559 287 2599 unias
302 2558 396 2598 feminae
410 2566 490 2608 opera,
509 2557 537 2596 ad
553 2568 618 2609 qnam
633 2558 802 2607 devertebatur,
822 2559 952 2612 captivitate
972 2560 1090 2609 exemptus
1102 2557 1143 2596 est·

166 2614 274 2654 Aesernia
293 2613 316 2651 et
329 2611 387 2653 Alba
406 2611 506 2651 coloniae
525 2612 551 2650 sb
571 2611 654 2652 italicis
669 2611 775 2653 obsessae
797 2616 856 2653 sunt.
879 2613 964 2654 auxilia
979 2611 1061 2652 deinde
1074 2607 1142 2650 Latini

167 2668 262 2707 nominis
282 2667 305 2704 et
324 2668 464 2706 externarum
484 2667 581 2716 gentium
601 2666 669 2706 missa
686 2665 770 2717 populo
784 2665 895 2717 Romano,
918 2670 940 2706 et
955 2665 1108 2717 expeditiones
1122 2663 1142 2701 io

167 2723 238 2762 vicem
253 2720 474 2772 expugnationesque
489 2720 574 2759 urbium
589 2718 720 2760 referuntur.

220 2773 318 2816 LXXlll.
333 2774 357 2814 1..
370 2773 441 2815 lulius
453 2772 536 2815 Caesar
551 2772 627 2814 consui
643 2771 700 2813 male
713 2773 822 2815 adversus
834 2773 946 2815 Samnites
960 2774 1075 2827 pugnavit.
1088 2768 1141 2810 Nola

167 2828 256 2867 colonia
269 2827 291 2866 ln
305 2830 438 2879 potestatem
453 2825 576 2868 Samnitum
592 2828 653 2867 venit
666 2837 715 2866 cunr
729 2827 754 2867 L.
767 2828 883 2868 Postumio
897 2831 1009 2880 praetore,
1024 2827 1062 2878 qui
1076 2825 1101 2864 ab
1114 2823 1141 2860 lis

167 2882 298 2921 interfectus
312 2883 355 2922 est.
371 2881 497 2933 complures
511 2880 589 2932 populi
601 2879 629 2920 ad
642 2880 720 2922 irustcs
731 2881 869 2923 defecerunt.
884 2893 933 2923 cum
947 2883 973 2922 P.
986 2881 1084 2921 Rutilius
1094 2887 1139 2917 cun·

168 2935 204 2975 sul
219 2944 296 2986 parum
312 2945 417 2986 prospere
430 2933 539 2975 adversus
553 2934 641 2975 Marsos
655 2937 777 2987 pugnasset
792 2939 814 2977 et
829 2937 850 2976 in
865 2936 951 2989 proelio
966 2935 1097 2980 cecidisset,
1115 2930 1138 2969 C·

168 2988 254 3028 Marius
271 2987 359 3038 legatus
379 2988 427 3028 eins
446 2987 538 3028 meliore
556 2991 637 3027 eventu
657 2999 706 3029 cnm
721 2988 823 3032 hostibus
838 2990 946 3030 conflixit.
966 2987 1017 3029 Ser.
1032 2985 1139 3037 Sulpicius

168 3041 274 3093 Pelignus
293 3040 378 3091 proelio
397 3040 462 3080 fudit.
482 3040 510 3084 Q·
526 3041 608 3093 caepio
623 3042 710 3094 legatus
724 3043 804 3085 Rutilii
818 3056 865 3085 cum
881 3045 988 3084 obsessus
1003 3049 1106 3094 prospere
1118 3036 1138 3073 iii

168 3094 244 3137 hostes
263 3094 374 3146 erupisset
389 3098 411 3133 et
425 3094 452 3133 ob
468 3106 517 3135 eum
536 3106 663 3137 successum
678 3099 796 3149 aequatum
810 3099 831 3138 ei
845 3108 893 3137 cum
908 3097 933 3138 c.
947 3095 1019 3135 Mario
1034 3095 1092 3136 esset
1104 3091 1138 3129 im-
1167 3118 1168 3121 η

167 3151 264 3200 perium,
284 3149 414 3188 temerarius
429 3147 502 3190 factus
516 3151 540 3188 et
554 3150 717 3192 circumventus
731 3152 818 3193 insidiis
832 3151 882 3193 fuso
897 3151 997 3190 exercitu
1012 3147 1098 3189 cecidit.
1115 3145 1137 3184 l..

167 3203 235 3244 lulius
250 3201 333 3260 Caesar
347 3201 423 3243 consul
440 3202 534 3244 feliciter
547 3203 656 3245 adversus
670 3204 782 3246 Samnites
795 3206 909 3257 pugnavit.
923 3203 952 3243 ob
967 3214 1016 3243 eam
1032 3199 1137 3242 victorino

166 3268 220 3309 saga
238 3254 415 3308 Rornaeiposita
433 3260 491 3298 sunt.
511 3259 535 3298 et
552 3260 577 3297 ut
595 3258 657 3297 varia
676 3259 729 3300 belli
744 3258 832 3299 fortuna
845 3262 917 3306 esset,
936 3257 1046 3298 Aesernia
1059 3253 1136 3295 colonia
1168 3304 1169 3309 1

166 3322 215 3350 cum
230 3311 262 3351 lif.
278 3309 385 3351 liiarcelio
399 3310 421 3349 in
436 3314 570 3363 potestatem
582 3309 708 3352 Samnitum
721 3314 790 3352 venit.
805 3311 974 3354 uenerantes
989 3308 1074 3362 proelio
1085 3308 1135 3348 niar-

166 3373 204 3404 sos
218 3363 283 3413 fudit,
298 3364 365 3404 Herio
378 3364 454 3404 Asinio
469 3368 570 3416 praetore
582 3363 757 3406 Marrucinorum
772 3366 854 3408 occiso.
870 3365 895 3408 c.
909 3364 1021 3407 caecilius
1036 3364 1057 3403 in
1071 3359 1135 3403 Galia

166 3415 311 3468 mansaipinn
325 3416 430 3458 Salurios
444 3417 580 3458 rebellantes
594 3417 654 3457 vicit.

219 3468 315 3510 LXXlV.
335 3470 377 3511 cn.
391 3469 511 3520 Pompeius
525 3470 629 3511 Picentes
643 3469 728 3520 proelio
742 3471 801 3513 fudit
814 3475 837 3512 et
851 3472 953 3522 obsedit,
972 3475 1063 3525 propter
1077 3479 1133 3521 quara
