2364 3862
222 179 338 240 traua
351 180 454 240 ιιιιιι.
479 180 561 240 cto.
575 187 618 244 ιι.
631 189 675 242 aa.
700 188 736 255 [ι.
749 187 781 240 o.
796 184 857 260 raa]
961 181 1024 246 ιιι

57 334 130 387 sunt.
150 342 205 386 rex
223 342 348 403 quoque
364 343 433 388 oum
443 329 511 388 sine
523 329 740 391 detractatione
752 337 877 406 paratus
890 349 1027 409 pugnare

57 425 89 470 eo
104 410 152 470 die
168 409 290 484 luisset,
317 419 478 474 contentus
497 413 581 487 quod
594 429 651 487 per
664 414 786 474 bostem
799 431 914 476 moram
930 418 1027 478 luisse

50 509 171 568 pugnae
186 495 310 570 scirent,
326 503 355 554 et
369 496 437 570 ipse
451 497 481 555 in
498 502 599 556 castra
610 497 717 575 copias
731 498 860 560 reduxit.

132 576 249 638 Castris
264 579 443 654 permunitis
459 579 491 638 c.
508 577 663 655 Sulpicius
679 581 782 641 Gallus
796 581 936 644 tribuous
951 584 1026 646 mili—

56 668 111 720 tum
125 663 284 721 secundae
299 662 438 738 legionis,
455 663 507 738 qui
520 670 643 738 praetor
654 664 815 739 superiore
826 681 905 728 ιιιιιο
918 669 1025 740 luerat,

56 744 185 806 consulis
200 747 354 820 permissu
365 747 404 806 ad
416 747 589 807 contionem
602 747 745 808 militibus
758 749 877 810 vocatis
888 766 1025 824 pronun·

10 905 13 910 Ι
54 828 131 887 davit
150 835 242 888 noete
263 829 479 903 proximans
501 831 570 905 quis
585 830 616 888 id
631 847 688 905 pro
703 838 844 906 portento
862 834 1026 909 acciperet,

55 911 87 969 ab
107 911 185 972 hora
205 913 343 973 secunda
363 915 519 989 usquead
535 919 673 989 quartam
688 915 795 976 boram
808 917 919 978 noctis
922 919 1025 978 lunam

55 995 235 1054 detectorem
246 1011 327 1056 essa.
347 995 378 1056 id
393 997 466 1072 quia
477 998 606 1058 ιιιιιιιιιι
619 998 726 1058 ordine
737 999 824 1060 statis
835 1001 1024 1076 temporibus

53 1077 115 1152 fiat,
136 1088 167 1139 et
186 1069 258 1138 soir'i
278 1087 348 1140 ante
362 1089 392 1141 et
405 1079 542 1156 praedici
556 1097 662 1156 posse
684 1082 787 1157 itaque
802 1100 891 1158 quem
906 1085 946 1143 ad
961 1101 1025 1145 mo

3 1193 6 1246 i
54 1155 135 1232 dum,
159 1163 231 1236 quio
251 1162 325 1223 certi
346 1165 421 1224 solis
442 1165 595 1240 lunaeque
616 1171 647 1224 et
666 1173 751 1226 ortus
767 1173 796 1226 et
810 1182 941 1228 occasus
956 1169 1025 1239 sint

3 1253 5 1306 ζ
53 1261 129 1304 nunc
145 1247 237 1320 pleno
254 1247 329 1306 orbe
343 1263 425 1308 nunc
440 1255 654 1310 senescentem
670 1250 781 1324 exiguo
797 1266 894 1310 cornu
908 1252 1025 1324 fulgere

3 1371 4 1406 Ι
53 1329 151 1388 lunam
166 1345 227 1389 non
242 1330 432 1404 mirarentur,
447 1333 489 1392 ita
503 1347 542 1391 ne
554 1331 713 1392 obscurari
725 1333 856 1408 quidem,
873 1349 941 1394 cum
952 1349 1025 1394 con-

3 1407 5 1414 ’
53 1412 138 1473 datur
150 1412 259 1474 umbra
273 1419 385 1490 terrae,
406 1416 527 1476 trahere
540 1416 571 1474 in
585 1415 759 1492 prodigium
774 1417 896 1478 debere.
924 1423 1023 1488 nocte,

12 1567 15 1574 .
54 1512 141 1570 quam
162 1496 262 1572 pridie
280 1515 379 1558 nonas
401 1498 598 1574 Septembres
618 1500 758 1560 insecuto
772 1507 820 1560 est
834 1501 916 1574 dies,
943 1500 1025 1560 edita

52 1577 125 1640 hora
138 1595 208 1640 cum
222 1582 294 1641 luna
309 1583 484 1656 deiecisset,
499 1582 644 1642 Romanis
656 1583 800 1644 militibus
813 1583 890 1644 Galli
901 1585 1024 1658 sapien·

3 1733 4 1738 Ι
52 1663 90 1724 tia
110 1681 210 1739 prope
231 1665 334 1724 divina
353 1665 465 1726 videri:
491 1666 679 1728 Macedonas
694 1674 728 1728 ut
741 1666 826 1726 triste
841 1667 1024 1742 prodigium,

3 1745 4 1826 j
55 1763 193 1808 oceasum
217 1749 304 1824 regni
328 1749 556 1825 perniciemque
581 1749 680 1825 gentis
705 1751 894 1825 portendens
914 1750 1024 1818 movit3

3 1877 5 1882 ,
54 1832 310 1892 oecalitervates.
327 1834 442 1892 elamor
449 1834 646 1908 ululatusque
657 1833 688 1892 in
701 1831 809 1893 eastris
820 1832 1024 1892 Macedonum

54 1914 113 1989 luit,
127 1915 227 1974 donec
242 1915 315 1974 luna
329 1915 359 1975 in
375 1932 462 1976 suam
476 1919 576 1976 lucem
591 1915 723 1976 emersit.

3 1997 5 2066 Ι
129 1997 257 2059 Postero
272 1999 378 2058 die-
392 2006 493 2060 tantus
509 1999 630 2074 utrique
641 2000 733 2059 ardor
745 1999 890 2058 exercitur
901 1999 941 2058 ad
953 2015 1023 2060 con

3 2067 5 2130 Ι
56 2083 231 2141 currendum
252 2083 365 2156 tuerat,
389 2090 423 2143 ιιι
437 2091 584 2159 stragem
599 2089 629 2143 et
643 2084 801 2143 consulem
816 2099 943 2143 suorum
959 2084 1025 2159 qui-

3 2133 5 2238 Ι
55 2164 132 2238 dam,
154 2166 239 2241 quod
260 2166 326 2226 sine
341 2167 459 2242 proelio
480 2167 652 2228 discessum
667 2174 766 2240 esset,
788 2174 1026 2228 accusarent-

3 2239 5 2320 Ι
54 2246 113 2321 regi
132 2256 276 2324 prompta
297 2250 437 2311 defensio
457 2259 537 2323 erat,
559 2266 620 2310 non
635 2267 673 2312 eo
689 2253 804 2325 solum,
827 2251 912 2326 quod
926 2251 1024 2312 hostis

56 2331 145 2405 prior,
167 2340 274 2408 aperte
288 2349 423 2408 pugnam
439 2335 629 2407 detractans,
650 2334 680 2394 in
696 2340 797 2394 eastra
813 2335 920 2408 copias
933 2335 1024 2396 redu-

3 2345 5 2536 Ι
55 2413 159 2489 xisset,
181 2416 239 2476 sed
260 2417 351 2476 etiam
373 2419 457 2493 quod
471 2435 509 2477 eo
525 2420 594 2479 loco
610 2418 697 2491 signa
713 2417 939 2490 constituisset,
963 2434 1024 2492 quo

3 2496 197 2572 phalanx,
221 2515 312 2574 quam
332 2501 468 2561 inutilem
486 2503 534 2560 vel
548 2500 711 2562 mediocris
725 2499 869 2577 iniquitas
885 2501 944 2560 loci
959 2501 1022 2560 elfl-

57 2589 143 2656 oeret,
170 2582 348 2657 promoveri
368 2599 431 2644 non
452 2591 568 2658 posset.
596 2584 704 2644 consul
726 2585 766 2642 ad
780 2584 812 2642 id
828 2583 912 2657 quod
926 2582 1025 2657 pridie

58 2667 293 2736 praetenuisisse
306 2669 461 2766 pugnandi
477 2668 673 2729 occasionem
688 2664 857 2740 videbatur,
880 2673 909 2726 et
924 2667 1026 2726 locum

3 2749 5 2854 Ι
57 2746 173 2809 dedisse
187 2749 279 2822 hosti,
296 2752 324 2812 si
338 2757 429 2811 nocte
444 2753 528 2812 abire
543 2752 731 2823 relictione
747 2765 873 2826 quoque
887 2765 943 2825 per
954 2764 1024 2824 spe·

3 2819 5 2922 Ι
58 2830 125 2890 ciem
138 2833 316 2894 immolandi
331 2841 429 2894 terere
443 2835 605 2896 videbatur
621 2841 751 2909 tempus,
768 2835 918 2893 eumluce
927 2831 1025 2910 prima

3 2923 5 3006 Ι
58 2912 167 2988 signum
181 2917 376 2992 propositum
387 2935 508 2993 pugnae
520 2918 559 2977 ad
570 2917 763 2979 exeundum
754 2935 784 2976 ιιι
797 2917 893 2976 aciem
905 2917 1023 2978 luisset.

3 2977 5 3078 Ι
58 2999 133 3058 tertia
148 3001 272 3060 demum
285 2999 364 3060 bora
378 3002 530 3062 sacrificio
545 3001 602 3062 rite
617 3007 792 3077 perpetrato
807 3001 847 3060 ad
863 3000 1025 3062 consilium

59 3083 184 3152 vocavit;
206 3090 300 3158 atque
314 3083 370 3158 lbi,
393 3086 476 3160 quod
497 3086 542 3144 rei
555 3086 710 3158 gerendae
723 3093 845 3160 tempus
859 3093 958 3156 esset,
980 3085 1024 3144 lo-

3 3166 171 3246 5quendo
183 3174 214 3227 et
222 3166 438 3242 intempestive
450 3167 653 3228 consultando
664 3167 825 3229 videbatur
841 3168 1026 3242 quibusdam

59 3249 217 3309 extrahere.
241 3259 314 3325 post
325 3267 485 3312 sermones
496 3259 596 3312 tamen
609 3253 717 3312 consul
730 3252 897 3312 orationem
909 3250 1024 3309 habult

3 3319 5 3402 Ι
58 3323 427 3408 lltxv111.,‚.Prtasica,
450 3335 591 3409 egregius
608 3336 807 3407 adolescens,
828 3349 867 3391 ex
883 3330 1024 3393 omnibus

59 3423 128 3476 nnus
144 3417 255 3490 quibus
270 3417 415 3480 hesterno
431 3417 481 3477 die
494 3434 623 3493 pugnari
616 3419 758 3493 'placuit
776 3414 941 3475 denudavit
951 3413 1025 3473 mihi
