2364 3862
208 205 437 268 nmnnmrv.
461 208 543 268 cun.
560 217 602 270 lo.
615 219 657 270 ιι.
680 209 718 287 [a.
734 216 766 267 c.
783 214 843 289 uu]
953 210 1016 272 ara

1 359 221 435 pugnatione
230 359 359 419 tenram
370 358 442 419 rude
454 366 569 433 petunt
594 360 768 435 quindecim
779 361 860 420 multa
868 377 1016 436 passuum

1 445 78 538 Q
89 442 159 504 urbs
174 443 271 514 abest,
288 443 439 503 adversus
453 442 591 521 Pydnam
608 445 717 520 posita,
733 445 823 504 tortili
839 461 923 520 agro.
946 462 1014 521 pcr-

1 509 161 586 vastatis
189 527 303 586 finibus
332 527 399 586 eius
427 528 564 600 legentes
600 544 684 588 oram
715 528 917 603 Antigoneam
948 546 1015 604 per

0 613 1 686 ζ
45 611 167 672 ueniunt.
204 610 246 670 ibi
270 610 389 684 egressi
409 610 440 668 in
459 618 570 670 terram
592 611 689 686 prima
706 620 737 672 et
749 618 909 672 vastarunt
922 628 1015 687 agros

0 701 1 712 ¹
45 693 159 768 passim,
175 701 208 753 et
218 693 407 766 aliquantum
418 695 553 769 praedae
564 695 806 756 contuleruntad
817 712 921 756 naves.
944 695 1014 756 dein

45 779 152 852 palatos
166 793 223 838 eos
239 777 338 837 adorti
357 776 554 850 Macedones,
576 779 661 839 mixti
680 780 801 854 pedites
821 779 1014 856 equitesque,

0 933 1 940 ἵ
46 862 183 934 fugientes
200 860 301 920 cliuse
315 861 355 921 ad
369 877 453 921 mare
467 861 623 936 persecuti
645 863 828 937 quingentos
846 865 941 924 terme
962 879 1014 923 oc·

0 943 1 954 ¹
43 944 170 1004 ciderunt
188 952 223 1004 et
242 961 303 1003 non
325 945 425 1005 minus
446 953 601 1020 ceperunt.
637 947 896 1022 necaliudquam
910 948 1013 1007 ιιιιιιιιιι

0 1091 1 1108 2
42 1029 213 1102 necessitas,
235 1044 303 1087 cunr
317 1029 457 1103 recipere
474 1045 508 1088 se
523 1035 587 1090 tuto
604 1031 645 1089 ad
659 1047 754 1091 naves
771 1030 1011 1105 prohiberentur,

42 1111 148 1172 ammos
171 1111 300 1171 rnilitum
321 1113 529 1173 Romanorum
551 1113 641 1173 simul
663 1114 878 1188 desperatione
892 1115 952 1174 alia
966 1130 1015 1172 sa-

0 1227 1 1248 i
42 1194 101 1254 lutis
132 1196 226 1255 simul
251 1195 428 1270 indignitate
456 1196 590 1258 irritavit.
631 1197 835 1272 redintegrata
859 1197 890 1256 in
915 1198 1015 1257 liltore

0 1307 1 1334 l
41 1294 132 1352 pugna
146 1286 213 1348 est3
229 1279 375 1339 adiuvere
387 1279 481 1355 quiin
493 1281 623 1341 navibus
639 1289 731 1341 crant.
760 1279 801 1340 ibi
812 1281 1015 1340 Macedonum

41 1361 150 1423 ducenti
168 1364 266 1422 terme
276 1364 379 1436 caesi,
396 1381 452 1439 par
467 1379 612 1425 numerus
628 1372 746 1439 captus.

0 1457 19 1470 ¹
113 1449 161 1507 Ab
182 1447 360 1521 Antigonea
381 1447 491 1508 classis
513 1450 650 1523 prolecta
669 1450 710 1508 ad
730 1465 837 1524 agrum
856 1448 1013 1510 Pallenen·

0 1573 1 1584 ι
41 1548 96 1590 sem
121 1530 341 1592 escensionem
363 1533 402 1591 ad
429 1533 637 1608 populandum
657 1533 736 1593 lecit.
771 1533 877 1593 finium
901 1534 928 1594 is
940 1551 1014 1609 ager

0 1625 1 1634 ’
40 1615 306 1676 Cassandrensium
319 1623 392 1691 erat,
403 1618 496 1690 longe
504 1617 707 1677 fertilissimus
720 1617 819 1677 omnis
827 1633 909 1690 orae,
923 1635 1014 1692 quarn

5 1747 7 1750 .
41 1701 236 1772 praetervecti
251 1701 377 1760 lucrant.
409 1699 451 1761 ibi
466 1701 616 1762 Eumenes
636 1716 692 1760 rex
708 1701 812 1775 viginti
828 1701 915 1760 tectis
930 1703 1014 1762 nari-

40 1781 88 1843 bus
107 1785 146 1844 ab
167 1785 246 1844 Elea
269 1787 424 1858 protectus
447 1784 556 1844 obvius
578 1786 647 1858 tuit,
669 1793 699 1844 ct
716 1785 853 1859 quinque
868 1783 1014 1844 missaea

0 1915 1 1942 3
39 1863 136 1928 Prusia
148 1875 335 1942 regetectae
357 1883 462 1928 naves.
489 1869 539 1928 XI.
559 1869 618 1929 bac
632 1867 742 1928 virium
756 1867 936 1928 accessione
951 1869 1014 1928 ani·

0 1949 1 1960 ²
40 1963 98 2011 nnus
112 1952 212 2011 crevit
227 1953 369 2026 praetori,
384 1961 418 2012 ut
430 1953 652 2013 Cassandream
664 1959 865 2029 oppugnaret.
893 1953 1014 2012 condita

40 2041 108 2099 esta
123 2035 303 2095 Cassandro
318 2052 390 2110 rege
405 2036 435 2094 in
451 2036 528 2111 ipsis
543 2037 693 2112 lancibus,
709 2053 789 2113 quae
803 2036 1014 2096 Pallenensem

40 2133 135 2190 agrum
153 2126 275 2179 ceterae
289 2120 490 2180 Macedoniae
504 2121 646 2196 iungunt,
668 2121 739 2180 hinc
759 2121 929 2181 Toronaico
944 2119 1015 2180 hinc

38 2199 232 2264 Macedonico
247 2211 355 2279 saepta
369 2203 453 2264 mari.
489 2204 601 2265 eminet
612 2221 745 2281 namque
758 2205 789 2266 in
804 2207 895 2266 allum
911 2205 1014 2279 lingna

40 2284 142 2362 inqua
164 2287 225 2347 sita
246 2295 306 2362 esl,
333 2303 390 2346 nec
417 2288 518 2348 minus
541 2304 632 2362 quam
651 2289 785 2351 inclutus
806 2288 1014 2363 magnitudine

42 2369 111 2431 tao
126 2387 219 2431 mons
234 2370 377 2444 excurrit,
393 2370 526 2432 obversa
537 2373 567 2431 in
578 2373 735 2448 regionem
746 2373 923 2447 Magnesiae
938 2373 1013 2432 duo·

5 2483 6 2486 =
38 2451 88 2512 bus
108 2455 279 2530 imparibus
299 2455 531 2530 promontoriis,
560 2473 689 2530 quorum
716 2457 823 2516 maiori
850 2456 1014 2515 Posideum

40 2545 219 2609 estnomcn,
241 2539 349 2598 minori
372 2538 600 2622 Canastraeum.
635 2541 743 2599 divisis
762 2539 899 2614 partibus
915 2554 1014 2613 oppu-

39 2621 242 2691 gnareadorti.
267 2623 425 2684 Romanus
441 2624 480 2682 ad
496 2623 587 2682 Clitas
604 2639 681 2698 quas
696 2630 808 2682 vocant
819 2621 1013 2695 munimenta,

40 2707 130 2765 cervis
146 2706 237 2765 etiam
249 2706 386 2780 obiectis,
402 2715 436 2766 ut
449 2707 529 2766 viam
544 2706 767 2779 intercluderet,
782 2705 1012 2765 aMacedonico

39 2787 72 2846 ad
90 2789 292 2850 Toronaicum
314 2807 398 2850 mare
421 2791 569 2864 perducit.
602 2790 641 2850 ab
662 2790 756 2849 altera
777 2797 863 2864 parte
886 2789 1013 2864 euripus

39 2879 92 2932 est:
106 2871 181 2933 inde
193 2873 347 2933 Eumenes
365 2875 571 2948 oppugnabat.
604 2873 751 2934 Romanis
777 2875 808 2933 in
829 2876 916 2934 losse
930 2890 1012 2934 corn-

39 2955 157 3030 plenda,
186 2973 277 3031 quam
299 2973 397 3032 nuper
417 2958 573 3018 obiecerat
589 2957 737 3032 Perseus,
765 2958 924 3033 plurimum
949 2964 1014 3018 erat

39 3037 153 3100 laboris.
196 3041 238 3099 ibi
264 3042 421 3114 quaerenti
446 3041 596 3116 praetori,
628 3042 701 3115 quia
724 3058 877 3118 nusquam
901 3042 1013 3102 cunnuli

40 3124 228 3196 apparebant,
245 3141 308 3199 quo
319 3133 443 3197 regesta
454 3141 471 3184 e
483 3127 570 3185 lassa
580 3132 661 3184 terra
673 3127 759 3199 toret,
772 3127 930 3188 monstrati
942 3132 1014 3186 sunt

40 3203 180 3268 fornices:
196 3224 257 3267 non
273 3208 313 3267 ad
329 3209 458 3267 eandem
475 3208 784 3284 crassitudinemque
799 3218 932 3270 veterem
948 3225 1011 3268 mu-

39 3302 109 3362 rum,
123 3291 177 3350 sed
194 3291 326 3366 simplici
341 3292 467 3353 laterum
482 3293 589 3352 ordine
600 3299 733 3354 structos
745 3309 826 3354 esse.
852 3287 1013 3352 consilium

39 3368 121 3443 igitur
140 3375 221 3449 cepit
241 3376 415 3435 transfosso
437 3376 552 3450 pariete
575 3375 633 3436 iter
652 3376 682 3436 in
700 3376 807 3436 urbem
829 3375 1012 3451 patefacere.

40 3453 136 3516 tallere
156 3465 256 3518 autem
278 3459 320 3519 ita
340 3475 376 3526 se
396 3475 507 3534 posse,
535 3459 563 3518 si
583 3475 689 3520 muros
711 3468 830 3534 aparte
845 3458 905 3517 alia
920 3453 1011 3515 scalis
