2328 3870
238 145 352 259 Llssllit
367 197 441 258 xil.
465 196 548 256 ono.
562 203 607 257 aa.
626 201 709 270 [ac.
722 175 783 270 nn
936 197 998 262 125

111 348 210 408 XXIV.
231 347 305 409 Post
324 347 405 408 hunc
418 345 538 417 Archo,
562 347 654 406 trater
667 345 819 408 Xenarchi
838 350 997 423 praetoris,

44 434 75 493 ilc
86 432 227 492 disseruit
263 431 438 505 „difficilem
461 433 630 491 orationem
645 430 821 492 callicrates
838 431 954 492 etmihi
969 442 998 495 et

44 517 174 588 omnibus,
191 517 242 590 qui
257 515 295 574 ab
311 529 348 574 eo
364 515 577 586 dissentimus,
594 513 680 575 tecte
702 515 826 590 agendo
841 516 922 576 enim
937 517 997 577 Ro-

46 615 128 658 mnae
147 599 299 660 sociamus
322 613 446 658 causam
461 598 543 673 ipse,
565 599 767 674 temptarique
782 606 812 660 ct
826 598 999 676 oppugnari

42 683 148 742 dicendo
165 699 255 758 quam
270 697 360 741 nemo
371 696 472 756 neque
485 689 612 758 temptat
626 697 726 759 neque
739 691 907 759 oppugnat,
923 683 997 744 elle

42 767 79 837 cit
90 769 179 842 utqui
193 765 232 826 ab
247 783 282 827 se
297 766 481 838 dissentiret,
495 767 647 826 adversus
661 767 818 829 Romanos
834 768 938 828 dicere
954 768 996 827 vi-

42 849 149 909 deretur.
170 866 205 911 ec
220 851 350 926 primum
364 849 507 922 omnium,
525 857 679 924 tamquam
694 867 755 912 non
771 851 820 912 bic
835 851 997 913 nobiseum

43 933 135 1006 luisset,
150 935 205 994 sed
219 941 274 994 out
287 949 327 994 ex
342 933 427 994 curia
442 934 547 1009 populi
558 935 688 995 Romani
699 934 816 995 veniret
827 943 879 997 aut
889 951 996 1011 regom

42 1015 136 1076 arcanis
150 1019 319 1088 interesset
336 1017 438 1077 omnia
451 1015 511 1077 sclt
523 1022 553 1077 el
563 1019 680 1078 nuntiat
691 1033 772 1094 quae
783 1020 902 1080 occulte
915 1022 996 1080 iacto

42 1106 102 1159 sunt
118 1101 227 1162 divinat
241 1103 332 1162 etiam
347 1115 431 1176 quae·
442 1101 542 1161 lutura
556 1101 675 1174 luerim,
691 1102 717 1160 si
728 1101 886 1178 Philippus
901 1101 995 1162 vixis·

41 1189 83 1255 sel,
94 1185 158 1260 quid
171 1186 213 1246 ita
224 1185 359 1245 Perseus
373 1185 461 1258 rcg'ni
476 1183 566 1244 heres
581 1185 629 1257 sit,
646 1185 721 1260 quid
736 1193 843 1260 parent
852 1184 996 1246 Macedo-

41 1280 89 1338 nes,
103 1269 168 1342 quid
181 1270 316 1344 cogitent
329 1267 468 1329 Romani.
498 1283 557 1328 nos
572 1277 687 1342 autem,
710 1269 762 1343 qui
776 1283 833 1328 nec
849 1269 888 1329 ob
904 1285 995 1344 quam

40 1363 139 1410 eausam
158 1368 214 1413 nec
235 1369 328 1429 qucm
347 1353 526 1413 admodum
546 1352 670 1427 perierit
684 1353 853 1414 Demetrius
869 1354 993 1424 scimus,

43 1447 85 1492 neo
101 1435 167 1510 quid
180 1436 355 1513 Philippus,
377 1436 404 1495 si
420 1437 561 1508 vixisset,
585 1437 720 1498 tacturus
736 1439 839 1503 inerit,
864 1438 902 1497 ad
918 1437 994 1498 haec

41 1529 101 1590 quae
117 1522 210 1593 palam
226 1527 375 1595 geruntur
389 1520 517 1581 consilia
531 1527 637 1580 nostra
652 1522 994 1597 accommodarempor·

43 1605 78 1658 tet
94 1615 125 1660 nc
141 1604 254 1666 scimus
268 1604 382 1664 Persea
400 1618 495 1678 regno
519 1613 646 1680 accepto
663 1606 781 1680 legatos
796 1606 924 1668 Romam
939 1605 993 1665 mi-

43 1682 114 1757 sisse,
127 1701 225 1762 regem
239 1688 356 1748 Persea
370 1688 408 1747 ab
424 1689 540 1763 populo
555 1689 695 1748 Romnno
711 1690 915 1764 appellatum
940 1704 992 1747 au-

9 1791 11 1842 t
43 1763 118 1828 linus
131 1771 244 1844 legatos
255 1773 413 1834 Romanos
428 1772 553 1832 venisse
568 1772 608 1831 ad
621 1787 735 1845 regem,
750 1781 781 1832 et
793 1787 849 1832 eos
862 1772 994 1845 benigne

9 1843 12 1948 ᾗ
43 1859 169 1926 exceptos.
202 1857 282 1918 haec
302 1857 405 1916 omnin
423 1856 510 1931 pacis
531 1854 674 1929 equidem
693 1855 781 1929 signa
794 1871 867 1918 esse
882 1853 992 1928 iudico,

10 1952 12 1985 t
43 1945 88 1992 non
103 1936 179 2007 bellis
194 1956 260 2001 nec
274 1941 430 2001 Romanos
452 1938 566 2000 ollendi
588 1953 700 2014 posse,
722 1939 748 1997 si
763 1945 797 1998 ut
817 1939 928 1998 bellum
942 1953 993 2012 ge·

10 1987 13 2070 l
44 2025 119 2078 rentes
132 2037 183 2083 eos
198 2023 298 2086 secuti
310 2039 434 2093 sumus,
450 2039 530 2084 nunc
546 2037 671 2098 quoque
685 2024 771 2097 pacis
787 2029 929 2083 urrctcres
945 2037 993 2080 se-

46 2114 153 2172 quamur.
174 2121 228 2169 our
243 2109 368 2184 quidem
383 2121 441 2167 nos
456 2107 641 2182 inexpiabile
657 2105 790 2169 omnium
807 2107 865 2166 soli
881 2106 993 2166 bellum

13 2251 14 2264 ,
45 2183 162 2249 adversus
181 2207 309 2267 regnum
323 2191 527 2251 Macedonum
546 2207 704 2267 geramus,
726 2208 787 2252 non
808 2191 908 2251 video.
938 2206 993 2265 op·

13 2287 15 2338 ff
46 2273 138 2336 portori
156 2274 384 2352 propinquitate
403 2274 473 2350 ipsa
486 2275 685 2337 Macedoniae
707 2283 835 2336 snmust
856 2291 894 2334 an
910 2275 992 2334 intir-

14 2371 17 2484 ι
46 2350 142 2441 nissimi
152 2361 293 2434 omnium,
308 2367 470 2432 tamquam,
484 2376 563 2433 quos
575 2375 674 2434 nuper
684 2361 820 2431 subiecit,
833 2357 993 2432 Dolopest

15 2485 17 2494 ,
45 2445 111 2494 inmo
124 2448 223 2504 contra
237 2459 276 2504 ea
288 2445 338 2502 vel
352 2443 469 2502 viribus
481 2443 615 2515 ,nustriae
629 2444 721 2504 'deum
735 2442 927 2517 benignitate,
942 2442 991 2499 vel

48 2518 150 2589 legionis
162 2526 320 2588 intervallo
335 2525 405 2587 tuti?
421 2525 476 2586 sed
493 2528 589 2587 simus
600 2541 700 2600 aeque
711 2525 838 2586 subiecti
852 2541 888 2584 ac
898 2524 991 2582 'ibes-

47 2600 260 2686 saliAetoliquer
282 2610 376 2670 nihilo
397 2612 467 2684 plus
487 2611 560 2670 fidei
580 2610 829 2682 auctoritatisque
844 2607 992 2666 habemus

48 2680 163 2751 adversus
176 2695 342 2766 Romanos,
364 2693 416 2768 qui
429 2709 553 2768 semper
567 2693 643 2752 sccii
659 2699 750 2766 atque
763 2692 853 2750 amici
869 2691 991 2760 luimus

50 2779 114 2855 liin
125 2775 231 2851 aetoli,
255 2777 308 2853 qui
324 2779 416 2852 paulo
431 2784 501 2836 ante
515 2778 622 2838 hostes
637 2777 780 2835 lueruntt
801 2774 885 2850 quod
899 2775 992 2834 Aeto·

18 2815 21 2928 l
49 2843 80 2918 ¹¹⁸,
93 2859 161 2926 quod
174 2861 337 2934 Thessalis,
354 2861 438 2936 quod
448 2861 591 2934 Epirotis,
608 2861 689 2920 omni
701 2860 834 2934 denique
846 2859 992 2920 Graeciae

20 2939 22 2980 l
51 2939 96 2992 nm
106 2935 314 3006 Macedonibus
335 2945 409 3004 iuris
431 2953 492 3016 est,
508 2945 588 3004 idem
603 2953 634 3004 el
648 2945 737 3004 nobis
752 2945 801 3004 sit.
834 2960 889 3005 eur
903 2959 991 3003 exse-

20 3017 22 3100 }
50 3015 139 3080 cubilis
158 3026 211 3088 ista
230 3029 320 3091 nobis
341 3027 418 3090 solis
437 3029 519 3086 velut
537 3028 680 3088 dissertio
696 3028 770 3088 iuris
785 3029 908 3089 humani
924 3035 993 3087 estt

51 3091 126 3162 inerit
141 3110 247 3185 aliquid
268 3111 443 3187 Phiiippus,
465 3127 519 3171 cur
539 3113 690 3172 adversus
710 3128 781 3171 eum
802 3119 948 3172 armatum
963 3121 993 3172 et

53 3171 132 3246 bellum
144 3205 291 3264 gerentem
306 3196 366 3256 hoo
377 3197 628 3256 decemeremus=
652 3195 726 3270 quid
738 3195 880 3266 Perseus
891 3211 990 3256 novus

52 3269 98 3334 Μ,
110 3277 196 3336 omnis
210 3280 336 3340 iniuriae
351 3279 474 3351 insons,
491 3295 548 3339 suo
564 3279 713 3339 beneflcio
728 3285 872 3354 paternas
888 3280 990 3338 simul·

54 3343 287 3433 insolitarum,
304 3365 421 3432 meruit,
435 3379 490 3423 cur
501 3363 558 3422 soll
571 3364 704 3423 omnium
715 3361 822 3422 hostes
834 3364 861 3422 ei
874 3360 991 3420 simust

56 3437 196 3510 llimquam
216 3457 245 3507 et
258 3447 330 3506 illud
353 3446 457 3506 dicere
472 3453 624 3521 poteram,
642 3452 725 3504 tanta
741 3445 875 3518 priorum
889 3441 989 3500 Maco-
