2328 3870
172 197 234 264 152
291 195 406 257 LIBER
419 195 508 256 XLII.
523 192 606 253 CAP.
617 200 661 254 28.
678 197 715 264 [a.
727 195 762 248 U.
775 213 799 247 c.
811 195 875 251 580.
890 211 916 247 ι.
927 193 960 246 C.
973 193 1030 260 llll

172 350 262 411 rediit
276 347 432 423 aliquanto
448 346 549 405 serius
565 360 658 419 quam
669 349 796 403 senatus
809 348 982 415 censuerat,
997 341 1042 400 cui
1052 341 1131 416 prino

174 447 300 510 quoque
320 439 459 505 tempore
480 428 676 502 magistratus
691 425 805 501 creari,
829 441 902 485 curn
916 432 1029 484 tantum
1041 423 1134 482 bollum
1161 429 1162 434 ’

172 517 356 588 immineret,
379 529 397 572 e
410 528 444 571 re
461 510 585 586 publica
598 509 699 570 visum
716 516 790 569 erat.
813 510 921 583 itaque
935 524 996 568 non
1011 505 1133 566 secundis

172 598 298 660 auribus
314 604 434 672 patrum
449 594 572 655 auditus
588 601 636 656 est
649 594 769 668 consul,
791 607 863 652 cum
879 593 910 650 in
922 592 999 650 aede
1012 590 1132 649 Bellonae

172 683 210 741 de
232 681 325 741 rebus
347 680 377 737 in
398 678 561 752 Liguribus
583 677 679 752 gestis
701 677 881 736 dissereret.
904 672 1135 734 succlamationes

173 765 352 838 trequentes
373 769 460 822 erant
480 759 817 835 interrogationesque‚
841 774 898 818 cur
918 759 1034 816 scelere
1052 754 1133 812 fratris
1161 817 1162 820 ,

172 860 343 921 oppressos
358 843 486 918 Ligures
508 845 539 902 in
553 845 724 904 libertatem
739 857 802 902 non
817 839 1014 901 restituisset.
1037 835 1139 897 comitia·
1160 905 1161 908 Ἴ

172 928 354 1000 consularia,
370 927 401 985 in
418 943 509 1001 quam
524 927 625 986 edicta
640 931 728 986 erant
741 926 840 998 diem,
858 931 932 984 ante
947 922 1026 981 diem
1039 918 1132 979 duode·
1161 963 1162 1000 3

171 1014 281 1071 cimum
301 1010 369 1070 Kal.
391 1011 516 1070 Martias
538 1009 736 1070 sunthabita.
760 1008 856 1068 creati
873 1005 1018 1068 consules
1031 1000 1131 1061 P.Lioi·
1160 1009 1162 1074 l

171 1095 240 1154 rrius
258 1094 389 1154 Crassus
405 1093 436 1153 0.
454 1091 580 1153 Cassius
601 1093 769 1166 Longinus.
793 1098 923 1166 postero
939 1088 988 1148 die
1002 1091 1133 1161 praetores

171 1178 242 1237 lacti
264 1177 294 1236 C.
317 1175 472 1250 Sulpicius
495 1177 591 1236 Galba
614 1175 647 1234 L.
668 1175 779 1236 Furius
799 1174 908 1234 Philus
934 1172 969 1230 L.
997 1166 1134 1229 Canuleius
1160 1163 1162 1218 ἶ

171 1261 263 1320 Dives
287 1262 317 1321 C.
339 1261 499 1319 Lucretius
521 1259 626 1319 Gallus
648 1258 679 1318 0.
696 1258 843 1320 Caninius
859 1256 988 1318 Rebilus
1002 1253 1034 1311 L.
1047 1247 1134 1310 Villius

170 1344 308 1402 Annalis.
337 1343 386 1401 his
401 1343 596 1416 praetoribus
618 1342 797 1416 provinciae
811 1342 973 1412 decretae,
1000 1333 1130 1396 duaeiuro
1161 1379 1162 1382 ,

170 1425 287 1485 Romae
299 1425 440 1498 dicendo,
453 1424 604 1499 Hispania
615 1431 646 1485 et
657 1423 762 1485 Sicilia
773 1433 803 1486 et
813 1423 968 1496 Sardinia,
980 1427 1013 1480 ut
1023 1418 1070 1478 uni
1079 1428 1132 1476 sors
1161 1423 1162 1452 ³

171 1507 290 1580 integra
301 1515 394 1581 esset,
408 1522 469 1581 quo
483 1515 608 1566 senatus
621 1508 805 1570 censuisset.
822 1506 1005 1568 consulibus
1017 1501 1131 1572 designa·
1160 1505 1162 1530 ²

170 1587 209 1648 tis
231 1588 393 1662 imperavit
413 1597 615 1672 senatus‚ut
636 1607 698 1665 qua
720 1591 771 1652 die
792 1591 1007 1668 magistratum
1019 1585 1132 1650 inissent

170 1670 280 1734 hostiis
294 1671 464 1734 maioribus
478 1672 536 1733 rite
550 1674 690 1735 mactatis
707 1684 926 1750 precarentur,
947 1678 982 1732 ut
997 1667 1073 1746 quod
1084 1663 1130 1724 bel-

171 1755 233 1813 lum
254 1757 389 1830 populus
411 1758 569 1818 Romanus
591 1759 745 1819 inanimo
769 1759 901 1822 haberet
921 1770 1042 1834 gerere,
1067 1755 1094 1808 ut
1108 1743 1131 1802 id
1160 1811 1162 1818 y

172 1853 358 1913 prosperum
372 1840 520 1900 eveniret.
546 1841 657 1902 eodem
672 1843 722 1902 die
737 1843 878 1904 decrevit
892 1847 1031 1910 senatus,
1052 1833 1078 1893 C.
1090 1828 1131 1889 Pe

172 1920 274 1994 pillius
290 1924 399 1983 consul
414 1925 505 1985 ludos
527 1940 583 2000 per
604 1925 671 1985 dies
688 1927 795 1986 decem
811 1927 881 1989 lovi
896 1924 1010 2002 optimo
1024 1915 1133 1978 prount
1159 1911 1162 1984 't

172 2014 314 2098 lucraret,
336 2007 481 2081 donaque
496 2008 577 2068 circa
592 2009 694 2069 omnia
709 2009 884 2084 pulvinaria
900 2007 975 2082 dari,
996 2004 1022 2065 si
1034 2015 1078 2060 res
1091 2011 1131 2070 pu·

171 2086 252 2144 blica
268 2086 375 2146 decem
392 2103 490 2149 annos
505 2091 536 2148 in
551 2092 661 2150 eodem
678 2099 760 2153 statu
780 2093 904 2157 fuisset.
927 2093 969 2152 ita
982 2097 1015 2150 ut
1028 2092 1131 2145 censue
1145 2081 1162 2090 ·

171 2174 247 2238 rant,
264 2169 295 2226 in
312 2169 460 2243 Capitolio
476 2173 560 2232 vovit
574 2177 684 2235 consul
694 2177 786 2237 ludos
799 2178 867 2238 lieri
881 2158 1133 2247 conarisquedul

174 2255 287 2343 quanta
299 2267 338 2310 ex
350 2255 482 2325 pecunia
493 2255 654 2318 decresset
663 2268 800 2334 senatus,
813 2277 886 2322 cum
898 2266 1017 2322 centum
1028 2259 1056 2312 et
1065 2244 1131 2322 quln-

173 2339 317 2427 quaginta
338 2351 400 2395 non
422 2337 522 2397 minus
544 2340 699 2403 adessent.
735 2353 905 2420 praeeunte
926 2340 1019 2403 verba
1037 2325 1134 2406 Lepidi

172 2415 318 2488 pontifice
333 2417 467 2481 maximo
482 2422 514 2483 id
529 2429 634 2484 votum
649 2436 830 2502 susceptum
844 2438 903 2490 est.
1160 2429 1162 2432 ’

256 2497 302 2558 Εο
319 2517 398 2561 anno
415 2507 594 2567 sacerdotes
610 2509 727 2582 publici
741 2512 867 2587 mortui,
889 2514 923 2572 L.
938 2503 1078 2572 Aemilius
1089 2494 1132 2552 Pc-
1160 2535 1162 2560 ;

173 2596 232 2676 PU?
255 2583 411 2680 decemvir
433 2604 592 2650 sacromm
613 2601 644 2653 et
669 2593 702 2668 Q.
722 2593 849 2657 Fulvius
863 2596 994 2657 Flaccus
1008 2579 1134 2663 pontifex,

175 2680 226 2736 <lul
242 2681 346 2739 Priore
361 2685 440 2731 anno
456 2673 556 2734 luerat
570 2691 690 2736 censor.
712 2678 763 2738 llic
777 2679 871 2739 foeda
886 2683 983 2740 morte
996 2667 1084 2748 periit.
1099 2670 1132 2752 ‘sl

174 2746 296 2809 duobus
311 2751 381 2810 filiis
397 2754 480 2824 eius,
504 2757 634 2830 quitum
650 2759 680 2819 in
695 2760 818 2839 illyrico
834 2763 1015 2828 militabant,
1035 2750 1129 2810 nuobt·

172 2833 236 2884 tum
252 2831 379 2891 alterum
393 2835 560 2914 deuocasse,
576 2835 702 2904 alteram
716 2846 801 2918 gravi
816 2854 847 2905 et
860 2843 1033 2922 periculoso
1044 2824 1134 2892 morbo

174 2917 507 3008 aegrumoesse..obruit
518 2923 651 2986 animum
663 2928 752 2988 simul
764 2930 864 2989 luctus
875 2935 1046 2998 metusque=
1060 2917 1134 2971 orans·

173 3005 311 3089 ingressl·
332 2995 506 3089 cubiculum
529 3009 611 3066 servi
633 3011 743 3088 laqueo
760 3012 986 3087 dependentem
999 3001 1134 3080 inuenere

172 3078 239 3130 erat
261 3091 365 3149 Oplsslo
379 3088 461 3170 'post
482 3101 646 3153 censuram
667 3096 767 3156 nrinus
790 3104 964 3172 conopotem
978 3087 1134 3149 luissesfflt·

127 3201 131 3208 ·
172 3154 265 3228 111Ιὲ0
280 3159 404 3218 lunoms
419 3161 567 3233 Laciniae
581 3173 657 3238 iram
679 3180 718 3239 ob
738 3179 905 3255 spoliatum
923 3172 1059 3248 templum
1074 3155 1129 3218 alie-

171 3249 265 3328 nasse
276 3245 406 3332 ruentem
417 3243 571 3318 serebant.
587 3261 734 3324 sulleotus
753 3265 782 3324 in
794 3265 914 3324 Aemilii
924 3264 1021 3324 locum
1032 3249 1133 3309 decem

169 3331 218 3374 W
231 3319 271 3378 M·
285 3323 428 3383 valemus
444 3327 610 3413 Messalla3
631 3347 661 3404 in
676 3348 773 3407 Fulvii
787 3348 925 3421 pontifex
940 3343 992 3404 Cn.
1004 3321 1132 3396 D0ss¹ffi¹¹⁵

168 3397 398 3465 AhfflObffl'bUS
415 3414 539 3486 Oppido
557 3425 738 3490 adulescens
754 3430 903 3492 sacerdos
919 3434 967 3489 est
979 3425 1075 3484 lectus·
