2424 3872
173 251 216 313 20
313 249 428 310 LIBER
442 247 572 310 XXXIX.
581 179 678 308 ‘CAR
693 255 737 308 Ti.
750 253 793 309 23.
818 252 854 320 [a.
867 251 901 305 U.
914 267 938 308 c.
950 250 1012 316 567]

171 401 392 463 leriusAntias
411 407 459 460 est
478 407 601 460 auctor:
628 407 692 459 tum
714 400 841 460 collatas
863 399 892 458 ei
912 398 1059 474 pecunias
1085 413 1162 458 oon·

168 492 376 562 gregatosque
391 499 446 558 per
457 484 564 543 Asiam
578 483 720 558 artifices,
736 490 767 543 et
781 498 912 558 quornm
925 483 1069 542 ludorum
1086 487 1162 556 post

168 571 290 642 bellurn,
306 569 336 628 in
353 584 413 643 quo
428 574 521 627 votos
536 567 666 641 diceret,
681 567 866 650 mentionem
881 581 943 627 non
959 566 1100 635 fecisset,
1119 564 1162 624 de

168 653 205 714 iis
221 660 293 728 post
306 652 486 725 legationem
501 650 623 710 demum
637 651 667 710 in
684 657 791 710 senatu
806 658 936 722 actum„

252 736 356 796 xxm.
378 733 451 793 Cum
464 732 525 793 iarn
539 734 569 793 in
585 734 669 795 exitu
681 751 781 794 annus
797 740 889 807 esset,
905 733 939 807 Q.
953 732 1088 792 Marcius
1103 731 1161 790 ab·

169 837 242 881 sens
260 819 439 892 magistratu
453 817 589 877 abiturus
605 825 685 887 erat,
709 817 761 893 Sp.
777 816 951 879 Postumius
967 813 1161 891 quaestioni·

168 904 227 964 bus
255 918 323 961 cum
349 915 467 960 summa
487 900 550 960 ilde
572 915 708 976 curaque
732 899 877 976 perlectis
899 898 1021 961 comitia
1040 898 1160 958 habuit.

169 985 263 1046 creati
278 991 349 1044 sunt
362 985 507 1044 consules
522 985 581 1059 Ap.
598 984 739 1055 claudius
754 982 885 1047 Pulcher
893 981 937 1042 M.
950 982 1160 1058 Sempronius

167 1071 346 1129 Tuditanus.
367 1073 492 1142 postero
509 1067 558 1126 die
574 1074 730 1142 praetores
746 1068 816 1127 lacti
830 1067 862 1126 P.
875 1067 1033 1127 cornelius
1046 1065 1161 1126 Cethe·

169 1169 227 1227 gus
248 1154 285 1211 A.
306 1150 481 1212 Postumius
503 1149 634 1211 Albinus
657 1149 687 1211 G.
702 1152 847 1210 Afranius
870 1149 975 1211 Stellio
998 1149 1028 1209 G.
1044 1149 1162 1209 Atilius

170 1235 321 1297 Serranus
341 1234 375 1294 L.
390 1233 564 1295 Postumius
583 1235 775 1310 Tempsanus
789 1233 829 1292 M.
846 1232 991 1294 claudius
1003 1229 1164 1292 Marcelli-

169 1337 238 1380 nus.
267 1326 404 1385 exuenro
420 1317 505 1391 anni,
528 1317 600 1391 quia
616 1318 670 1393 Sp.
683 1317 856 1377 Postumius
877 1317 986 1378 consul
999 1314 1164 1377 renuntia-

168 1409 257 1461 verat
270 1407 483 1476 peragrantem
498 1415 534 1460 se
550 1408 677 1476 propter
692 1401 888 1475 quaestiones
905 1407 1072 1474 utrumque
1087 1399 1164 1459 litus

169 1484 274 1544 ltaliae
289 1483 429 1544 desertas
445 1481 582 1544 colonias
598 1483 759 1558 Sipontum
773 1498 905 1559 supero,
922 1485 1097 1544 Bumentum
1114 1483 1165 1542 in-

169 1569 235 1628 iero
256 1567 331 1626 mari
352 1565 523 1640 invenisse,
546 1565 693 1626 triumviri
710 1567 751 1626 ad
772 1569 902 1629 colonos
917 1581 955 1627 eo
972 1565 1165 1627 scribendas

170 1665 208 1710 ex
224 1658 349 1710 senatus
373 1649 512 1710 consulto
533 1648 572 1708 ab
586 1649 618 1707 T.
632 1649 755 1710 Maenio
770 1658 913 1726 praetore
928 1650 1045 1710 urbano
1064 1651 1165 1710 creati

169 1741 240 1795 sunt
250 1734 283 1792 L.
292 1731 471 1793 Scribonius
483 1733 557 1793 Libo
566 1732 607 1792 M.
615 1732 745 1793 Tuccius
759 1734 810 1794 cn.
821 1733 956 1794 Baebius
967 1733 1165 1807 Tamphilus.

249 1818 328 1877 ‘Cum
340 1816 453 1877 Perseo
469 1832 542 1890 rege
557 1824 589 1878 et
599 1811 819 1876 Macedonibus
832 1816 947 1877 bellum
963 1817 1048 1892 quod
1059 1815 1165 1876 immi·

172 1902 278 1973 nebat,
302 1916 364 1960 non
379 1901 461 1960 unde
475 1899 615 1976 plerique
630 1901 807 1975 opinantur,
829 1914 887 1960 nec
901 1900 940 1960 ab
955 1899 1026 1974 ipso
1042 1899 1167 1961 Perseo

170 2001 282 2044 causas
304 1985 400 2058 cepit:
424 1984 566 2044 inchoata
586 1981 670 2043 initia
685 2000 703 2043 a
717 1983 857 2060 Philippo
880 1990 968 2052 sunt;
990 1990 1020 2043 et
1036 1983 1065 2043 is
1082 1985 1166 2059 ipsc,

171 2069 197 2126 si
212 2068 325 2127 diutius
339 2068 477 2140 vixisset,
493 2066 524 2125 id
537 2067 650 2124 bellum
664 2066 825 2140 gessisset.
847 2082 909 2127 una
924 2083 994 2127 eum
1008 2081 1073 2136 res,
1090 2083 1167 2128 cum

170 2147 251 2208 victo
267 2151 350 2223 leges
365 2150 602 2225 imponerentur,
617 2149 748 2208 maxime
763 2150 902 2224 angebat,
920 2150 1005 2225 quod
1022 2150 1076 2225 qui
1092 2151 1164 2210 Ma-

172 2231 322 2292 cedonum
343 2233 382 2290 ab
405 2249 440 2292 se
462 2231 637 2291 deiecerant
650 2231 680 2290 in
696 2232 793 2305 bello,
815 2234 845 2291 in
861 2249 916 2293 eos
932 2232 981 2294 ius
997 2234 1168 2294 saeviendi

172 2314 345 2390 ademptum
360 2316 388 2373 ei
404 2316 442 2375 ab
453 2321 562 2375 senatu
572 2323 647 2388 erat,
663 2331 732 2374 curn
745 2316 817 2390 quia
828 2331 892 2375 rem
904 2319 1054 2392 integram
1068 2316 1168 2390 Quin-

171 2395 249 2457 ctius
270 2397 301 2456 in
324 2397 556 2459 condicionibus
578 2398 665 2472 pacis
683 2398 856 2471 distulerat,
877 2414 939 2459 non
957 2399 1170 2476 desperasset

171 2480 325 2555 impetrari
340 2497 445 2555 posse.
472 2480 624 2540 Antiocho
641 2493 714 2554 rege
729 2479 841 2540 deinde
855 2483 936 2543 bello
953 2492 1106 2558 superato
1125 2485 1169 2545 ad

170 2561 400 2641 Thermopylas,
417 2563 524 2624 divisis
539 2564 685 2638 partibus,
702 2577 770 2624 cum
783 2579 840 2640 per
854 2567 982 2627 eosdem
998 2567 1070 2627 dies
1087 2583 1153 2629 con

171 2646 218 2706 sul
239 2648 355 2709 Acilius
376 2647 570 2719 Heracleam,
596 2646 755 2723 Philippus
776 2646 910 2708 Lamiam
933 2661 1170 2726 oppugnasset,

170 2739 260 2803 capta
273 2731 422 2790 Heraclea
437 2730 510 2806 quia
523 2730 627 2789 iussus
644 2730 812 2790 abscedere
827 2748 846 2790 a
860 2734 1024 2795 moenibus
1035 2733 1170 2794 Lamiae

170 2821 234 2870 erat
251 2813 461 2887 Romanisque
483 2814 629 2887 oppidum
651 2812 786 2872 deditum
807 2819 868 2886 est,
892 2831 984 2890 aegre
1005 2827 1078 2876 eam
1097 2833 1170 2878 rem

169 2894 287 2954 tulerat.
317 2896 477 2969 permulsit
489 2894 565 2954 iram
581 2896 646 2954 eius
663 2895 786 2968 consid,
809 2899 894 2970 quod
911 2900 951 2958 ad
964 2899 1171 2976 Naupactum

170 2978 237 3050 ipse
253 2978 412 3052 testinans,
429 2993 490 3053 quo
503 2993 539 3037 se
553 2993 593 3036 ex
605 2979 676 3052 luga
687 2978 787 3038 Aetoli
799 2982 1000 3057 contulerant,
1015 2982 1170 3060 Philippo

169 3062 321 3135 permisit,
343 3061 543 3121 Athamaniae
565 3067 594 3119 et
607 3061 809 3137 Amynandro
830 3063 944 3125 bellum
966 3066 1111 3139 interret,
1138 3076 1173 3129 et

169 3143 261 3202 urbes
285 3160 362 3219 quas
383 3143 539 3204 Thessalis
562 3143 662 3204 Aetoli
683 3144 874 3216 ademerant,
896 3163 992 3222 regno
1011 3149 1170 3212 adiceret.

169 3226 250 3284 haud
266 3243 376 3302 magno
392 3225 555 3287 certamine
571 3233 600 3286 et
613 3228 845 3305 Amynandrum
860 3230 1046 3292 Athamania
1062 3249 1155 3309 expu

169 3312 244 3368 lerat
256 3317 285 3370 et
295 3310 388 3370 urbes
401 3309 518 3386 aliquot
528 3318 695 3387 receperat.
718 3308 941 3370 Demetriadem
954 3330 1095 3391 quoque,
1114 3334 1167 3377 ur·

168 3392 238 3450 hem
253 3394 385 3454 validam
400 3402 430 3454 et
444 3394 483 3453 ad
498 3393 599 3454 omnia
615 3400 833 3471 opportunam,
849 3399 879 3451 et
892 3392 1072 3468 Magnetum
1087 3415 1170 3473 gen-

171 3481 230 3533 tem
247 3491 322 3536 suae
335 3477 464 3538 dicionis
478 3479 556 3539 lecit.
579 3477 651 3538 inde
663 3484 693 3537 et
706 3477 737 3535 in
747 3475 873 3534 Thracia
887 3478 1041 3550 quasdam
1054 3483 1171 3564 urbes,
