2364 3862
197 225 309 285 LIBER
324 226 429 284 XLIV.
453 225 535 286 CAP.
551 235 593 289 19.
606 235 648 287 ιο.
672 234 708 301 [ιι.
722 234 754 284 C.
767 233 829 300 168]
940 228 1003 294 227

34 390 131 436 omines
144 391 233 451 reges
251 383 422 451 gentesque
443 376 651 437 auctoritatem
673 393 761 452 esse,
783 384 816 438 ut
836 377 863 438 si
884 378 1002 452 legatos

34 459 185 530 misissent,
201 461 254 534 qui
269 460 484 520 denuntiarent
498 477 559 520 non
575 461 697 536 placere
712 462 831 521 senatui
846 462 940 523 sociis
954 479 1002 522 ro

32 542 110 616 gibus
137 543 248 602 bellum
276 542 358 616 lieri,
388 545 542 618 extemplo
568 545 772 604 abscessurus
798 561 817 605 a
841 545 1002 607 moenibus

32 625 234 686 Alexandreae
253 626 505 702 abducturusque
526 627 693 688 exercitum
713 628 743 702 in
765 626 887 704 Syriam
907 636 1001 690 esset.

34 709 151 782 quodsi
173 716 354 770 cunctentur
373 711 490 784 iacere,
514 710 601 769 brevi
627 717 767 771 extorres
787 727 883 787 regno
902 712 1002 774 Ptole·

33 807 138 851 meeum
153 801 186 853 et
196 793 387 868 Cleopatram
401 793 530 854 Romam
540 801 697 868 venturos,
713 811 781 855 curn
794 796 914 870 pudore
925 811 1001 871 quo·

32 874 90 934 dam
104 875 210 951 populi
224 876 363 949 Romani,
385 877 469 951 quod
491 878 603 936 nullam
624 893 714 953 opem
728 879 759 938 iu
773 879 878 939 ultimo
894 879 1001 940 discri-

31 957 99 1018 mine
112 960 303 1019 lortunarum
318 960 468 1020 tulissent.
490 961 562 1021 moti
583 966 687 1036 patres
709 962 852 1036 precibus
867 964 1001 1023 Alexan·

1 1099 2 1126 ξ
31 1041 173 1124 drinorurn
189 1044 344 1118 extemplo
357 1044 388 1104 C.
398 1043 558 1119 Popillium
573 1045 737 1105 Laenatem
748 1045 820 1104 etc.
833 1046 1001 1106 Decimium

1 1161 2 1204 ,
30 1131 54 1184 ιι
71 1125 98 1184 C.
117 1127 283 1187 Hostilium
303 1129 423 1201 legatos
444 1128 483 1187 ad
503 1127 671 1187 finiendum
692 1127 873 1202 interreges
887 1128 1001 1189 bellmn

1 1211 2 1278 j
29 1208 172 1269 miserunt.
197 1210 282 1285 prius
297 1209 496 1282 Antiochum,
518 1211 588 1271 dein
603 1210 810 1272 Ptolemaeum
824 1211 909 1270 adire
922 1211 1001 1272 iussi

1 1339 2 1374 ,
28 1299 51 1350 ιι
62 1294 209 1367 nuntiare,
224 1294 255 1353 ni
270 1293 436 1354 absistatur
451 1294 549 1367 bello,
572 1309 629 1369 per
649 1300 749 1355 utrum
764 1295 909 1369 stetisset,
930 1311 1000 1356 euru

28 1391 78 1436 non
90 1393 146 1452 pro
164 1376 266 1438 amico
280 1393 338 1438 nec
353 1394 410 1453 pro
426 1377 511 1438 socio
526 1377 685 1438 habituros
700 1393 782 1439 esse:

1 1461 2 1474 ¹
97 1461 161 1521 XX.
185 1461 241 1520 His
262 1461 340 1522 iutra
361 1461 494 1523 triduum
509 1462 598 1522 simul
613 1477 682 1521 curn
697 1463 804 1537 legatis
818 1461 999 1522 Alexandri·

26 1540 66 1602 nis
85 1545 233 1620 proiectis
253 1545 343 1619 legati
364 1560 403 1605 ex
423 1545 613 1606 Macedonia
627 1544 865 1621 Quinquatribus
886 1546 999 1607 ultimis

1 1626 95 1691 adeo
109 1627 287 1702 exspectati
300 1636 458 1703 venerunt,
474 1635 516 1700 ut
532 1629 592 1688 nisi
607 1645 721 1705 vesper
735 1636 828 1702 esset,
844 1630 999 1704 extemplo

27 1718 154 1773 senatum
178 1711 316 1772 vocaturi
336 1714 481 1772 eonsules
501 1710 620 1773 luerint
656 1720 782 1788 postero
803 1713 852 1773 die
873 1719 999 1773 senatus

25 1793 341 1870 iuitlegatiqueauditi
353 1802 433 1857 suut.
453 1794 475 1854 ii
487 1794 894 1872 nuntiantmaiorepericulo
907 1811 999 1869 quarn

1 1833 3 1957 l
25 1880 219 1940 emolumento
236 1877 403 1939 exercitum
423 1895 479 1955 per
498 1879 599 1938 invios
620 1877 746 1939 saltus
737 1895 767 1938 ιιι
786 1877 999 1938 Macedoniam

1 1959 2 2004 l
24 1959 180 2022 uduetum
201 1960 331 2020 Pieriam
333 1978 414 2036 quo
422 1963 639 2036 processisset
650 1977 754 2037 regem
765 1969 886 2030 tenere,
899 1967 999 2020 castra

24 2046 120 2106 castris
136 2061 240 2121 prope
255 2045 297 2106 ita
311 2047 421 2106 collata
435 2061 516 2119 esse,
531 2054 564 2105 ιιι
574 2044 699 2105 flumine
709 2045 827 2121 Enipeo
839 2043 996 2105 interiecto

1 2068 3 2226 f
24 2137 184 2190 arceantur.
210 2143 313 2203 neque
327 2143 430 2203 regem
445 2122 602 2204 pugnandi
617 2136 799 2203 potestatem
814 2130 925 2202 lacere,
940 2143 998 2188 nec

1 2209 125 2296 ¹{uostris
147 2213 212 2271 vim
232 2211 272 2270 ad
294 2213 464 2286 cogendum
484 2227 566 2272 esse.
601 2212 730 2273 hiemem
750 2213 838 2273 etiam
854 2227 998 2288 asperam

1 2279 104 2356 rebus
122 2295 270 2372 gerendis
284 2293 496 2356 intervenisse.
528 2295 558 2355 in
574 2296 635 2357 otio
650 2297 773 2357 militem
789 2297 837 2370 ali,
853 2312 911 2356 nec
925 2297 996 2371 plus

1 2395 104 2455 quam
118 2395 178 2440 sex
193 2378 209 2412 *
225 2380 408 2439 frumentum
423 2379 545 2439 babere.
581 2379 785 2440 Macedonum
801 2378 861 2438 dici
876 2379 998 2454 triginta

1 2463 2 2532 l
23 2461 94 2522 milia
108 2469 295 2523 armatorum
310 2479 391 2524 esse.
428 2464 454 2522 si
474 2463 534 2538 Ap.
557 2463 682 2523 Claudio
705 2465 789 2523 circa·
804 2461 997 2539 Lychnidum

23 2545 88 2606 satis
101 2545 226 2606 validus
242 2547 395 2607 exercitus
410 2547 503 2617 ioret,
525 2545 666 2622 potuisse
680 2545 802 2620 ancipiti
816 2545 896 2604 bello
913 2544 996 2604 disti·

21 2631 77 2689 neri
90 2644 211 2704 regenm
225 2644 307 2689 nuuc
324 2636 355 2690 et
368 2629 502 2704 Appium
516 2637 547 2690 et
558 2629 642 2705 quod
657 2645 725 2688 cum
741 2645 779 2688 eo
790 2627 935 2702 praesidii
947 2627 996 2700 sit,

22 2710 46 2770 iu
59 2729 176 2773 summo
193 2711 331 2788 periculo
346 2729 427 2786 esse,
442 2714 500 2772 nisi
517 2727 649 2788 propere
664 2719 716 2772 aut
728 2712 828 2771 iustus
843 2709 996 2785 exercitus

1 2799 52 2860 leo
71 2798 218 2866 mittatur,
239 2804 292 2857 aut
312 2793 355 2856 illi
373 2795 444 2856 inde
470 2797 667 2856 deducantur.
700 2795 741 2856 ad
763 2795 894 2854 classem
919 2809 953 2854 se
978 2810 996 2854 e

1 2871 9 2966 ξ
23 2879 122 2940 castris
135 2880 294 2954 proiectos
306 2879 744 2954 sociorumnaualiumpartem
751 2878 859 2938 morbo
869 2878 997 2939 audisse

1 2973 2 3042 j
23 2961 216 3038 absumptam,
233 2971 359 3039 partem,
375 2963 507 3022 maxime
520 2964 570 3038 qui
583 2980 622 3022 ex
635 2963 738 3023 Sicilia
749 2963 868 3036 luerint,
884 2964 995 3024 dornos

1 3083 2 3122 3
22 3060 87 3106 suas
102 3046 215 3120 abisse,
232 3055 263 3108 et
276 3045 416 3107 homines
430 3046 560 3106 navibus
577 3047 705 3115 deessc;
728 3047 780 3122 qui
795 3045 871 3118 sint,
893 3062 996 3122 neque

1 3151 2 3202 i
23 3129 199 3203 stipendium
213 3128 816 3204 accepissenequevestimentahabere.
837 3129 994 3191 Eumenen

1 3261 2 3286 2
21 3212 207 3288 classemque
217 3212 295 3286 eius,
308 3219 463 3288 tamquam
475 3221 565 3272 vento
578 3213 809 3287 adlatasnaves,
820 3214 889 3273 sine
900 3229 995 3273 eausa

1 3309 2 3374 ξ
21 3303 48 3356 et
58 3298 181 3358 venisse
195 3303 226 3357 et
240 3297 361 3366 abisse,
376 3311 433 3355 nec
448 3296 579 3356 animum
591 3297 658 3357 eius
669 3297 751 3370 regis
764 3303 907 3357 constare
918 3292 994 3353 satis

22 3377 123 3439 risum.
145 3381 224 3440 sicut
238 3381 341 3441 omnia
355 3382 394 3440 de
408 3379 544 3439 Eumene
558 3377 661 3455 dubia,
676 3380 768 3440 Attali
783 3379 906 3454 egregie
920 3391 992 3434 con-

1 3507 2 3512 ,
22 3469 142 3524 stantem
156 3465 247 3524 iidem
263 3465 451 3530 nuntiabant.
721 3485 723 3488 ·

728 3545 783 3601 15*
