2364 3862
218 199 327 260 LIBER
340 198 429 258 XLII.
454 198 536 258 CAP.
551 207 594 262 60.
606 207 650 262 61.
674 207 710 273 [a.
724 205 756 257 C.
769 201 831 278 171]
946 198 1006 263 181

17 365 18 376 ³
130 351 181 413 LX.
203 349 341 412 Cecidere
364 365 402 410 eo
429 351 478 410 die
504 351 542 410 ab
563 351 710 412 Romanis
733 350 856 416 ducenti
877 350 1006 430 equites,

17 471 18 516 3
64 437 111 497 duo
123 436 193 496 milla
202 434 279 496 haud
291 435 392 494 minas.
402 435 553 509 peditum,
574 435 655 510 cepti
667 436 803 496 sexcenti
815 437 910 497 terme
922 438 1007 514 equi-

63 528 105 581 tes.
124 519 254 594 exregiis
269 525 368 580 autem
390 517 496 593 viginti
511 517 647 594 equites,
668 519 867 595 quadraginta
887 523 1006 596 pedites

17 609 18 618 ’
61 603 190 674 interlecti.
223 611 384 678 postquam
406 600 526 662 rediere
553 603 583 662 in
605 609 706 663 castra
725 602 874 678 victores,
900 620 1006 666 omnes

63 687 159 763 quidem
179 687 259 761 laeti,
275 694 344 747 ante
357 685 435 746 alios
450 685 600 746 Thracum
614 686 752 748 insolens
767 687 880 748 laetitia
893 687 1006 749 emine·

17 791 18 854 3
61 771 109 830 bat:
128 785 189 830 curn
203 777 289 831 cantu
303 768 384 830 enim
396 768 554 846 superfixa
568 769 663 831 hastis
679 770 781 846 capita
790 771 923 832 hostium
934 787 1006 848 por-

17 867 19 934 }
62 861 134 914 lantes
146 853 305 914 redierunt.
326 853 409 929 apud
423 853 580 914 Romanos
596 870 658 915 non
672 854 824 916 maestitia
837 862 953 918 tantum
965 871 1004 916 ex

17 939 19 1022 1
59 939 208 1011 1111111111
219 953 263 1010 11,
285 937 343 998 sed
357 953 455 1013 pavor
474 937 565 998 etiam
579 945 659 1012 erat,
680 953 720 998 ne
734 939 888 1014 extemplo
904 946 1005 1000 castra

17 1053 18 1066 .
59 1020 133 1081 hastis
151 1021 375 1096 adgrederetur.
396 1020 550 1081 Eumenes
565 1021 706 1093 suadere,
729 1029 760 1082 ul
772 1029 857 1082 trans
871 1023 1004 1083 Peneum

57 1105 203 1164 1111111111
217 1111 326 1179 castra,
342 1104 916 1180 1111111111111111111111111111111,
932 1107 1003 1166 dum

56 1188 162 1262 perculsi
174 1187 281 1248 milites
296 1188 416 1250 animos
432 1189 618 1263 colligerent.
635 1190 743 1249 consul
760 1186 876 1248 moveri
888 1188 1003 1262 flagitio

55 1271 146 1332 timoris
159 1272 286 1332 latendi:
309 1273 520 1333 vietustamen
532 1270 649 1332 ratione
664 1270 784 1332 silentio
796 1271 897 1332 noctis
908 1278 1003 1332 trans·

55 1353 131 1414 ductis
151 1354 245 1432 copiis
267 1363 371 1416 castra
393 1357 423 1416 in
438 1355 583 1417 ulteriore
591 1355 660 1430 ripa
682 1355 856 1416 communit.
878 1371 933 1414 rex
948 1370 1003 1431 po·

55 1446 116 1498 slero
129 1439 224 1500 diead
234 1441 438 1501 lacessendos
450 1439 569 1516 proelio
580 1439 687 1500 hostes
699 1455 897 1515 progressus,
907 1436 910 1442 ’
917 1447 1003 1515 post·

55 1538 124 1595 quam
144 1529 224 1583 trans
246 1539 372 1584 amnem
395 1525 426 1584 in
448 1531 513 1584 tulo
537 1523 640 1602 posita
660 1530 761 1584 castra
782 1523 1003 1597 animadvertit,

53 1604 174 1666 fatebatur
195 1607 319 1682 quidem
339 1611 515 1682 peccatum,
542 1607 626 1684 quod
647 1605 745 1684 pridie
766 1623 827 1668 non
842 1607 1002 1668 institisset

53 1688 131 1763 111111,
152 1691 205 1750 sed
225 1689 384 1766 aliquanto
405 1692 550 1750 maiorem
567 1692 687 1765 culpam
700 1705 788 1765 esse,
814 1690 897 1767 quod
912 1697 1003 1750 nocte

52 1771 110 1833 toret
124 1780 289 1835 cessatum=
312 1791 382 1834 nam
396 1781 430 1834 ut
443 1774 594 1834 1111111111
606 1773 702 1834 alium
716 1789 841 1834 suorum
856 1782 1004 1847 moveret,

51 1855 95 1914 leri
112 1864 254 1919 armatura
276 1858 415 1918 immissa
434 1855 650 1932 trepidantium
673 1856 703 1915 in
723 1858 852 1917 transitu
867 1855 1002 1916 fluminis

51 1936 156 2001 11111111
171 1941 265 2002 deleri
280 1957 392 2016 naagna
406 1957 445 2002 ex
461 1947 548 2016 parte
563 1941 670 2015 copias
686 1938 834 2015 potuisse.
856 1940 1002 2000 Romanis

51 2023 147 2097 quidem
166 2041 317 2100 praesens
337 2041 436 2101 pavor
456 2025 598 2100 demptus
614 2031 687 2097 erat,
709 2023 739 2084 in
756 2030 819 2084 tuto
835 2028 935 2084 castra
948 2023 1002 2083 ha-

52 2103 183 2168 1111111
198 2111 344 2170 damnum
358 2109 437 2168 inter
448 2115 549 2169 cetera
560 2107 727 2184 praecipue
738 2108 837 2168 lamae
850 2107 1002 2168 movebat.

50 2195 70 2246 et
85 2190 109 2248 in
127 2192 252 2254 consilio
276 2193 360 2268 apud
380 2194 537 2252 consulem
560 2207 616 2268 pro
632 2207 668 2252 se
684 2191 816 2268 quisque
830 2192 860 2252 in
873 2192 1001 2252 Aetolos

51 2273 221 2337 conferebant
233 2292 378 2337 causam=
399 2276 440 2336 ab
455 2276 493 2335 iis
508 2276 601 2351 fugae
613 2277 804 2352 terrorisque
819 2275 1001 2351 principium

50 2363 138 2430 enum,
166 2369 293 2422 secutos
318 2374 465 2434 pavorem
490 2359 670 2419 Aetolorum
695 2367 725 2419 et
750 2364 869 2419 ceteros
897 2359 1001 2420 socios

48 2435 206 2504 Graecorum
217 2445 413 2520 populorum.
431 2443 566 2518 quinque
576 2443 732 2518 principes
744 2442 932 2513 Aetolorum,
950 2441 1002 2516 qui

47 2521 114 2594 primi
127 2533 209 2603 terga
223 2534 379 2588 vertentes
396 2527 556 2602 conspecti
572 2527 761 2598 dicebantur,
775 2525 900 2585 Romam
910 2526 1001 2584 missi.

46 2602 158 2670 llressali
172 2627 228 2686 pro
246 2611 389 2671 contione
404 2607 526 2684 laudati,
544 2610 701 2683 ducesque
716 2623 821 2668 eorum
837 2608 1000 2666 111111111-

46 2691 99 2750 tatis
112 2708 201 2754 causa
216 2693 331 2756 donati.

108 2769 177 2837 Ier.
198 2779 249 2838 Ad
271 2793 380 2852 regem
390 2777 489 2854 spolia
504 2791 665 2838 caesorum
680 2775 811 2836 hostium
827 2772 1000 2832 refereban-

45 2860 87 2914 tur.
105 2860 235 2922 danaen
251 2861 301 2922 his
316 2860 384 2922 allis
399 2877 484 2922 arma
498 2861 644 2935 insignia,
667 2858 734 2919 aliis
750 2873 858 2934 equos,
875 2855 1001 2932 quibus·-

17 2969 19 3030 3
46 2936 98 3001 dam
108 2945 242 3020 captivos
256 2946 339 3007 dono
352 2945 453 3005 dabat.
464 2953 553 3006 scuta
563 2951 650 3004 erant
661 2941 1001 3019 supramillequingen·

17 3035 18 3042 ’
45 3026 195 3092 1111111111
205 3031 413 3104 thoracesque
424 3029 506 3090 mille
516 3027 647 3104 amplius
659 3043 807 3087 summam
819 3026 1001 3101 explebant;

17 3111 18 3164 i
45 3109 175 3176 galearum
182 3114 423 3190 gladiorumque
438 3119 468 3173 et
482 3111 642 3172 missilium
659 3111 757 3171 omnis
770 3111 892 3187 generis
905 3108 1002 3170 maior

17 3191 18 3270 J
45 3189 175 3266 aliquanto
186 3213 348 3259 numerus.
370 3197 449 3268 haec
463 3211 521 3271 per
535 3211 570 3257 se
585 3197 694 3270 ampla,
711 3203 800 3255 aucta
814 3200 907 3270 alque
922 3193 999 3254 mul·

45 3270 155 3346 tiplicala
168 3281 379 3356 uerbisregis,
396 3295 476 3355 quae
493 3279 532 3338 ad
550 3278 723 3340 contionem
738 3285 850 3341 vocato
866 3276 1001 3337 exercitu

17 3411 18 3426 ς
45 3351 136 3423 habuit.
157 3365 420 3441 „praeiudicatum
441 3371 582 3424 eventum
602 3361 822 3440 bellihabetis.
844 3360 1001 3419 meliorem

17 3507 18 3528 ,
45 3451 139 3511 nartem
160 3447 310 3526 hostium,
336 3447 502 3525 equitatum
523 3447 709 3522 Romanum,
737 3462 799 3522 quo
819 3442 950 3503 invictos
966 3454 1001 3501 sa
