<?xml version="1.0" encoding="UTF-8"?>
<!DOCTYPE html PUBLIC "-//W3C//DTD XHTML 1.0 Transitional//EN"
    "http://www.w3.org/TR/xhtml1/DTD/xhtml1-transitional.dtd">
<html xmlns="http://www.w3.org/1999/xhtml" xml:lang="en" lang="en">
 <head>
  <title>
</title>
<meta http-equiv="Content-Type" content="text/html;charset=utf-8" />
  <meta name='ocr-system' content='tesseract 3.04.00' />
  <meta name='ocr-capabilities' content='ocr_page ocr_carea ocr_par ocr_line ocrx_word'/>
</head>
<body>
  <div class='ocr_page' id='page_1' title='image "./titiliviaburbec01livygoog_0096.png"; bbox 0 0 2328 3870; ppageno 0'>
   <div class='ocr_carea' id='block_1_1' title="bbox 165 219 1001 293">
    <p class='ocr_par' dir='ltr' id='par_1_1' title="bbox 165 219 1001 293">
     <span class='ocr_line' id='line_1_1' title="bbox 165 219 1001 293; baseline -0.002 -8"><span class='ocrx_word' id='word_1_1' title='bbox 165 219 206 287; x_wconf 82' lang='grc'><strong>70</strong></span> <span class='ocrx_word' id='word_1_2' title='bbox 307 221 421 282; x_wconf 77' lang='lat' dir='ltr'><strong>llBltlt</strong></span> <span class='ocrx_word' id='word_1_3' title='bbox 435 220 496 280; x_wconf 73' lang='lat' dir='ltr'><strong>xl.</strong></span> <span class='ocrx_word' id='word_1_4' title='bbox 518 219 602 278; x_wconf 82' lang='lat' dir='ltr'><strong>cnP.</strong></span> <span class='ocrx_word' id='word_1_5' title='bbox 619 225 661 281; x_wconf 85' lang='lat' dir='ltr'><strong>ra.</strong></span> <span class='ocrx_word' id='word_1_6' title='bbox 675 228 772 282; x_wconf 78' lang='lat' dir='ltr'><strong>raro.</strong></span> <span class='ocrx_word' id='word_1_7' title='bbox 795 225 832 293; x_wconf 75' lang='grc' dir='ltr'>[ι.</span> <span class='ocrx_word' id='word_1_8' title='bbox 847 225 884 278; x_wconf 82' lang='grc' dir='ltr'><strong>υ.</strong></span> <span class='ocrx_word' id='word_1_9' title='bbox 899 241 923 278; x_wconf 74' lang='lat' dir='ltr'><strong>e.</strong></span> <span class='ocrx_word' id='word_1_10' title='bbox 939 226 1001 292; x_wconf 80' lang='lat' dir='ltr'><strong>etr]</strong></span> 
     </span>
    </p>
   </div>
   <div class='ocr_carea' id='block_1_2' title="bbox 155 368 1160 2955">
    <p class='ocr_par' dir='ltr' id='par_1_2' title="bbox 158 368 1160 520">
     <span class='ocr_line' id='line_1_2' title="bbox 158 368 1160 449; baseline 0 -13"><span class='ocrx_word' id='word_1_11' title='bbox 158 382 222 436; x_wconf 88' lang='lat' dir='ltr'><strong>tem</strong></span> <span class='ocrx_word' id='word_1_12' title='bbox 242 387 343 449; x_wconf 91' lang='lat' dir='ltr'><strong>usque</strong></span> <span class='ocrx_word' id='word_1_13' title='bbox 363 372 402 432; x_wconf 88' lang='lat' dir='ltr'><strong>ad</strong></span> <span class='ocrx_word' id='word_1_14' title='bbox 417 368 601 442; x_wconf 72' lang='lat' dir='ltr'><strong>Massiliam,</strong></span> <span class='ocrx_word' id='word_1_15' title='bbox 621 371 740 431; x_wconf 87' lang='lat' dir='ltr'><strong>laevam</strong></span> <span class='ocrx_word' id='word_1_16' title='bbox 760 370 836 430; x_wconf 83' lang='lat' dir='ltr'><strong>altar</strong></span> <span class='ocrx_word' id='word_1_17' title='bbox 850 384 950 445; x_wconf 90' lang='lat' dir='ltr'><strong>usque</strong></span> <span class='ocrx_word' id='word_1_18' title='bbox 965 370 1006 430; x_wconf 87' lang='lat' dir='ltr'><strong>ad</strong></span> <span class='ocrx_word' id='word_1_19' title='bbox 1019 371 1134 432; x_wconf 85' lang='lat' dir='ltr'><strong>Barium</strong></span> <span class='ocrx_word' id='word_1_20' title='bbox 1159 377 1160 436; x_wconf 83' lang='lat' dir='ltr'>J</span> 
     </span>
     <span class='ocr_line' id='line_1_3' title="bbox 158 465 303 520; baseline -0.021 -3"><span class='ocrx_word' id='word_1_21' title='bbox 158 465 303 520; x_wconf 85' lang='lat' dir='ltr'><strong>tueretur.</strong></span> 
     </span>
    </p>

    <p class='ocr_par' dir='ltr' id='par_1_3' title="bbox 156 535 1142 2284">
     <span class='ocr_line' id='line_1_4' title="bbox 242 535 1136 613; baseline -0.004 -11"><span class='ocrx_word' id='word_1_22' title='bbox 242 540 320 602; x_wconf 73' lang='lat' dir='ltr'><strong>xlx.</strong></span> <span class='ocrx_word' id='word_1_23' title='bbox 343 538 486 613; x_wconf 76' lang='lat' dir='ltr'><strong>Prodigia</strong></span> <span class='ocrx_word' id='word_1_24' title='bbox 500 539 594 598; x_wconf 87' lang='lat' dir='ltr'><strong>molta</strong></span> <span class='ocrx_word' id='word_1_25' title='bbox 609 537 700 598; x_wconf 86' lang='lat' dir='ltr'><strong>ioeda</strong></span> <span class='ocrx_word' id='word_1_26' title='bbox 714 542 745 598; x_wconf 88' lang='lat' dir='ltr'><strong>et</strong></span> <span class='ocrx_word' id='word_1_27' title='bbox 755 535 872 600; x_wconf 71' lang='lat' dir='ltr'><strong>Rornae</strong></span> <span class='ocrx_word' id='word_1_28' title='bbox 887 551 925 598; x_wconf 89' lang='lat' dir='ltr'><strong>eo</strong></span> <span class='ocrx_word' id='word_1_29' title='bbox 940 551 1020 597; x_wconf 90' lang='lat' dir='ltr'><strong>anno</strong></span> <span class='ocrx_word' id='word_1_30' title='bbox 1034 539 1100 597; x_wconf 74' lang='lat' dir='ltr'><strong>risa</strong></span> <span class='ocrx_word' id='word_1_31' title='bbox 1111 548 1136 598; x_wconf 90' lang='lat' dir='ltr'><strong>et</strong></span> 
     </span>
     <span class='ocr_line' id='line_1_5' title="bbox 158 620 1135 698; baseline -0.004 -13"><span class='ocrx_word' id='word_1_32' title='bbox 158 623 296 686; x_wconf 85' lang='lat' dir='ltr'><strong>nuntiata</strong></span> <span class='ocrx_word' id='word_1_33' title='bbox 316 637 454 698; x_wconf 73' lang='lat' dir='ltr'><strong>peregre.</strong></span> <span class='ocrx_word' id='word_1_34' title='bbox 486 621 516 681; x_wconf 85' lang='lat' dir='ltr'><strong>in</strong></span> <span class='ocrx_word' id='word_1_35' title='bbox 538 633 610 680; x_wconf 84' lang='lat' dir='ltr'><strong>area</strong></span> <span class='ocrx_word' id='word_1_36' title='bbox 624 620 756 681; x_wconf 82' lang='lat' dir='ltr'><strong>Vulcani</strong></span> <span class='ocrx_word' id='word_1_37' title='bbox 770 629 802 682; x_wconf 88' lang='lat' dir='ltr'><strong>et</strong></span> <span class='ocrx_word' id='word_1_38' title='bbox 815 620 1004 682; x_wconf 75' lang='lat' dir='ltr'><strong>concordiae</strong></span> <span class='ocrx_word' id='word_1_39' title='bbox 1019 623 1135 695; x_wconf 84' lang='lat' dir='ltr'><strong>sangui·</strong></span> 
     </span>
     <span class='ocr_line' id='line_1_6' title="bbox 157 703 1134 783; baseline -0.005 -14"><span class='ocrx_word' id='word_1_40' title='bbox 157 723 227 769; x_wconf 87' lang='lat' dir='ltr'><strong>nem</strong></span> <span class='ocrx_word' id='word_1_41' title='bbox 239 707 331 783; x_wconf 84' lang='lat' dir='ltr'><strong>pluit;</strong></span> <span class='ocrx_word' id='word_1_42' title='bbox 353 712 385 766; x_wconf 89' lang='lat' dir='ltr'><strong>et</strong></span> <span class='ocrx_word' id='word_1_43' title='bbox 396 705 563 782; x_wconf 82' lang='lat' dir='ltr'><strong>pontifices</strong></span> <span class='ocrx_word' id='word_1_44' title='bbox 571 703 677 764; x_wconf 70' lang='lat' dir='ltr'><strong>iesus</strong></span> <span class='ocrx_word' id='word_1_45' title='bbox 690 713 788 766; x_wconf 87' lang='lat' dir='ltr'><strong>motas</strong></span> <span class='ocrx_word' id='word_1_46' title='bbox 801 705 988 776; x_wconf 78' lang='lat' dir='ltr'><strong>nunaavene,</strong></span> <span class='ocrx_word' id='word_1_47' title='bbox 1003 711 1034 764; x_wconf 87' lang='lat' dir='ltr'><strong>et</strong></span> <span class='ocrx_word' id='word_1_48' title='bbox 1043 704 1134 764; x_wconf 87' lang='lat' dir='ltr'><strong>Lanu·</strong></span> 
     </span>
     <span class='ocr_line' id='line_1_7' title="bbox 157 787 1137 863; baseline -0.005 -11"><span class='ocrx_word' id='word_1_49' title='bbox 157 792 199 852; x_wconf 87' lang='lat' dir='ltr'><strong>vii</strong></span> <span class='ocrx_word' id='word_1_50' title='bbox 220 791 417 852; x_wconf 76' lang='lat' dir='ltr'><strong>mmulamum</strong></span> <span class='ocrx_word' id='word_1_51' title='bbox 437 788 562 849; x_wconf 91' lang='lat' dir='ltr'><strong>lunonis</strong></span> <span class='ocrx_word' id='word_1_52' title='bbox 581 787 725 863; x_wconf 84' lang='lat' dir='ltr'><strong>Sospitae</strong></span> <span class='ocrx_word' id='word_1_53' title='bbox 746 789 933 850; x_wconf 73' lang='lat' dir='ltr'><strong>memorasse.</strong></span> <span class='ocrx_word' id='word_1_54' title='bbox 969 787 1137 862; x_wconf 82' lang='lat' dir='ltr'><strong>pestilentia</strong></span> 
     </span>
     <span class='ocr_line' id='line_1_8' title="bbox 156 869 1138 950; baseline -0.004 -14"><span class='ocrx_word' id='word_1_55' title='bbox 156 874 189 936; x_wconf 91' lang='lat' dir='ltr'><strong>in</strong></span> <span class='ocrx_word' id='word_1_56' title='bbox 204 873 285 950; x_wconf 71' lang='lat' dir='ltr'><strong>agris</strong></span> <span class='ocrx_word' id='word_1_57' title='bbox 302 873 440 948; x_wconf 89' lang='lat' dir='ltr'><strong>lorisque</strong></span> <span class='ocrx_word' id='word_1_58' title='bbox 456 880 487 934; x_wconf 89' lang='lat' dir='ltr'><strong>et</strong></span> <span class='ocrx_word' id='word_1_59' title='bbox 501 869 714 933; x_wconf 82' lang='lat' dir='ltr'><strong>conciliabulis</strong></span> <span class='ocrx_word' id='word_1_60' title='bbox 730 873 804 932; x_wconf 88' lang='lat' dir='ltr'><strong>etin</strong></span> <span class='ocrx_word' id='word_1_61' title='bbox 819 872 896 932; x_wconf 78' lang='lat' dir='ltr'><strong>tube</strong></span> <span class='ocrx_word' id='word_1_62' title='bbox 908 877 993 932; x_wconf 86' lang='lat' dir='ltr'><strong>tanta</strong></span> <span class='ocrx_word' id='word_1_63' title='bbox 1006 879 1087 943; x_wconf 89' lang='lat' dir='ltr'><strong>erat,</strong></span> <span class='ocrx_word' id='word_1_64' title='bbox 1109 877 1138 932; x_wconf 90' lang='lat' dir='ltr'><strong>at</strong></span> 
     </span>
     <span class='ocr_line' id='line_1_9' title="bbox 157 951 1137 1032; baseline -0.002 -14"><span class='ocrx_word' id='word_1_65' title='bbox 157 957 288 1019; x_wconf 79' lang='lat' dir='ltr'>Libitina</span> <span class='ocrx_word' id='word_1_66' title='bbox 314 965 388 1018; x_wconf 89' lang='lat' dir='ltr'><strong>tanc</strong></span> <span class='ocrx_word' id='word_1_67' title='bbox 417 957 469 1015; x_wconf 84' lang='lat' dir='ltr'><strong>vix</strong></span> <span class='ocrx_word' id='word_1_68' title='bbox 494 955 659 1016; x_wconf 83' lang='lat' dir='ltr'><strong>sufficeret.</strong></span> <span class='ocrx_word' id='word_1_69' title='bbox 691 955 739 1014; x_wconf 87' lang='lat' dir='ltr'><strong>his</strong></span> <span class='ocrx_word' id='word_1_70' title='bbox 766 951 918 1032; x_wconf 72' lang='lat' dir='ltr'><strong>prodigiis</strong></span> <span class='ocrx_word' id='word_1_71' title='bbox 941 955 1137 1031; x_wconf 78' lang='lat' dir='ltr'><strong>cladibusque</strong></span> 
     </span>
     <span class='ocr_line' id='line_1_10' title="bbox 157 1037 1138 1118; baseline -0.004 -16"><span class='ocrx_word' id='word_1_72' title='bbox 157 1042 240 1102; x_wconf 86' lang='lat' dir='ltr'><strong>anxii</strong></span> <span class='ocrx_word' id='word_1_73' title='bbox 254 1050 358 1118; x_wconf 85' lang='lat' dir='ltr'><strong>patres</strong></span> <span class='ocrx_word' id='word_1_74' title='bbox 372 1041 583 1112; x_wconf 83' lang='lat' dir='ltr'><strong>decreverunt,</strong></span> <span class='ocrx_word' id='word_1_75' title='bbox 598 1047 631 1100; x_wconf 88' lang='lat' dir='ltr'><strong>ut</strong></span> <span class='ocrx_word' id='word_1_76' title='bbox 644 1047 675 1099; x_wconf 89' lang='lat' dir='ltr'><strong>ct</strong></span> <span class='ocrx_word' id='word_1_77' title='bbox 688 1041 842 1112; x_wconf 80' lang='lat' dir='ltr'><strong>eonsules,</strong></span> <span class='ocrx_word' id='word_1_78' title='bbox 861 1038 971 1114; x_wconf 84' lang='lat' dir='ltr'><strong>quibus</strong></span> <span class='ocrx_word' id='word_1_79' title='bbox 985 1037 1046 1098; x_wconf 89' lang='lat' dir='ltr'><strong>diis</strong></span> <span class='ocrx_word' id='word_1_80' title='bbox 1057 1039 1138 1100; x_wconf 81' lang='lat' dir='ltr'><strong>vide·</strong></span> 
     </span>
     <span class='ocr_line' id='line_1_11' title="bbox 157 1121 1136 1201; baseline -0.004 -15"><span class='ocrx_word' id='word_1_81' title='bbox 157 1133 255 1201; x_wconf 88' lang='lat' dir='ltr'><strong>retur,</strong></span> <span class='ocrx_word' id='word_1_82' title='bbox 270 1124 380 1186; x_wconf 84' lang='lat' dir='ltr'><strong>hostiis</strong></span> <span class='ocrx_word' id='word_1_83' title='bbox 395 1123 560 1184; x_wconf 80' lang='lat' dir='ltr'><strong>maioribus</strong></span> <span class='ocrx_word' id='word_1_84' title='bbox 576 1123 800 1196; x_wconf 82' lang='lat' dir='ltr'><strong>sacrificarent,</strong></span> <span class='ocrx_word' id='word_1_85' title='bbox 821 1130 852 1184; x_wconf 86' lang='lat' dir='ltr'><strong>at</strong></span> <span class='ocrx_word' id='word_1_86' title='bbox 866 1121 1032 1182; x_wconf 75' lang='lat' dir='ltr'><strong>decemviri</strong></span> <span class='ocrx_word' id='word_1_87' title='bbox 1046 1123 1136 1182; x_wconf 78' lang='lat' dir='ltr'><strong>libros</strong></span> 
     </span>
     <span class='ocr_line' id='line_1_12' title="bbox 158 1204 1137 1282; baseline -0.002 -12"><span class='ocrx_word' id='word_1_88' title='bbox 158 1210 285 1271; x_wconf 82' lang='lat' dir='ltr'><strong>adirent.</strong></span> <span class='ocrx_word' id='word_1_89' title='bbox 307 1223 413 1270; x_wconf 91' lang='lat' dir='ltr'><strong>eorum</strong></span> <span class='ocrx_word' id='word_1_90' title='bbox 429 1208 553 1269; x_wconf 90' lang='lat' dir='ltr'><strong>decreto</strong></span> <span class='ocrx_word' id='word_1_91' title='bbox 568 1206 751 1282; x_wconf 84' lang='lat' dir='ltr'><strong>supplicatio</strong></span> <span class='ocrx_word' id='word_1_92' title='bbox 766 1208 849 1267; x_wconf 85' lang='lat' dir='ltr'><strong>circa</strong></span> <span class='ocrx_word' id='word_1_93' title='bbox 857 1204 959 1267; x_wconf 69' lang='lat' dir='ltr'><strong>mania</strong></span> <span class='ocrx_word' id='word_1_94' title='bbox 970 1205 1137 1282; x_wconf 81' lang='lat' dir='ltr'><strong>pulvinaria</strong></span> 
     </span>
     <span class='ocr_line' id='line_1_13' title="bbox 157 1289 1138 1355; baseline -0.004 -1"><span class='ocrx_word' id='word_1_95' title='bbox 157 1291 274 1355; x_wconf 83' lang='lat' dir='ltr'><strong>Romae</strong></span> <span class='ocrx_word' id='word_1_96' title='bbox 289 1295 318 1354; x_wconf 90' lang='lat' dir='ltr'><strong>in</strong></span> <span class='ocrx_word' id='word_1_97' title='bbox 334 1293 416 1352; x_wconf 87' lang='lat' dir='ltr'><strong>diem</strong></span> <span class='ocrx_word' id='word_1_98' title='bbox 429 1307 522 1352; x_wconf 88' lang='lat' dir='ltr'><strong>unum</strong></span> <span class='ocrx_word' id='word_1_99' title='bbox 535 1289 648 1351; x_wconf 89' lang='lat' dir='ltr'><strong>indicta</strong></span> <span class='ocrx_word' id='word_1_100' title='bbox 662 1298 718 1351; x_wconf 85' lang='lat' dir='ltr'><strong>est.</strong></span> <span class='ocrx_word' id='word_1_101' title='bbox 740 1289 850 1350; x_wconf 88' lang='lat' dir='ltr'><strong>iisdem</strong></span> <span class='ocrx_word' id='word_1_102' title='bbox 862 1289 1040 1351; x_wconf 85' lang='lat' dir='ltr'><strong>auctoribus</strong></span> <span class='ocrx_word' id='word_1_103' title='bbox 1051 1296 1084 1350; x_wconf 90' lang='lat' dir='ltr'><strong>et</strong></span> <span class='ocrx_word' id='word_1_104' title='bbox 1095 1305 1138 1351; x_wconf 88' lang='lat' dir='ltr'><strong>se·</strong></span> 
     </span>
     <span class='ocr_line' id='line_1_14' title="bbox 158 1373 1138 1450; baseline -0.002 -14"><span class='ocrx_word' id='word_1_105' title='bbox 158 1384 248 1438; x_wconf 89' lang='lat' dir='ltr'><strong>natus</strong></span> <span class='ocrx_word' id='word_1_106' title='bbox 264 1375 384 1437; x_wconf 87' lang='lat' dir='ltr'><strong>censuit</strong></span> <span class='ocrx_word' id='word_1_107' title='bbox 398 1381 429 1435; x_wconf 87' lang='lat' dir='ltr'><strong>et</strong></span> <span class='ocrx_word' id='word_1_108' title='bbox 442 1375 587 1435; x_wconf 89' lang='lat' dir='ltr'><strong>consules</strong></span> <span class='ocrx_word' id='word_1_109' title='bbox 605 1373 780 1449; x_wconf 85' lang='lat' dir='ltr'><strong>edixerunt,</strong></span> <span class='ocrx_word' id='word_1_110' title='bbox 801 1381 835 1434; x_wconf 92' lang='lat' dir='ltr'><strong>ut</strong></span> <span class='ocrx_word' id='word_1_111' title='bbox 849 1381 1012 1450; x_wconf 82' lang='lat' dir='ltr'><strong>portatam</strong></span> <span class='ocrx_word' id='word_1_112' title='bbox 1027 1373 1138 1434; x_wconf 72' lang='lat' dir='ltr'><strong>malian</strong></span> 
     </span>
     <span class='ocr_line' id='line_1_15' title="bbox 158 1456 1139 1534; baseline -0.002 -14"><span class='ocrx_word' id='word_1_113' title='bbox 158 1459 290 1520; x_wconf 79' lang='lat' dir='ltr'><strong>uiduam</strong></span> <span class='ocrx_word' id='word_1_114' title='bbox 305 1458 489 1534; x_wconf 79' lang='lat' dir='ltr'><strong>supplicatio</strong></span> <span class='ocrx_word' id='word_1_115' title='bbox 504 1464 534 1516; x_wconf 88' lang='lat' dir='ltr'><strong>et</strong></span> <span class='ocrx_word' id='word_1_116' title='bbox 548 1456 643 1515; x_wconf 86' lang='lat' dir='ltr'><strong>leriae</strong></span> <span class='ocrx_word' id='word_1_117' title='bbox 657 1464 771 1518; x_wconf 85' lang='lat' dir='ltr'><strong>essent.</strong></span> <span class='ocrx_word' id='word_1_118' title='bbox 792 1456 984 1533; x_wconf 76' lang='lat' dir='ltr'><strong>pestilentiae</strong></span> <span class='ocrx_word' id='word_1_119' title='bbox 997 1464 1083 1517; x_wconf 88' lang='lat' dir='ltr'><strong>tanta</strong></span> <span class='ocrx_word' id='word_1_120' title='bbox 1095 1456 1139 1518; x_wconf 88' lang='lat' dir='ltr'><strong>vis</strong></span> 
     </span>
     <span class='ocr_line' id='line_1_16' title="bbox 158 1537 1139 1617; baseline -0.003 -15"><span class='ocrx_word' id='word_1_121' title='bbox 158 1549 238 1616; x_wconf 87' lang='lat' dir='ltr'><strong>erat,</strong></span> <span class='ocrx_word' id='word_1_122' title='bbox 258 1549 305 1615; x_wconf 91' lang='lat' dir='ltr'><strong>ut,</strong></span> <span class='ocrx_word' id='word_1_123' title='bbox 327 1555 397 1602; x_wconf 88' lang='lat' dir='ltr'><strong>curn</strong></span> <span class='ocrx_word' id='word_1_124' title='bbox 418 1545 545 1617; x_wconf 88' lang='lat' dir='ltr'><strong>propter</strong></span> <span class='ocrx_word' id='word_1_125' title='bbox 565 1537 768 1602; x_wconf 86' lang='lat' dir='ltr'><strong>deiectionem</strong></span> <span class='ocrx_word' id='word_1_126' title='bbox 783 1541 948 1602; x_wconf 79' lang='lat' dir='ltr'><strong>corsorum</strong></span> <span class='ocrx_word' id='word_1_127' title='bbox 965 1539 1139 1616; x_wconf 84' lang='lat' dir='ltr'><strong>bellumque</strong></span> 
     </span>
     <span class='ocr_line' id='line_1_17' title="bbox 158 1623 1140 1698; baseline -0.001 -12"><span class='ocrx_word' id='word_1_128' title='bbox 158 1626 197 1686; x_wconf 90' lang='lat' dir='ltr'><strong>ab</strong></span> <span class='ocrx_word' id='word_1_129' title='bbox 212 1625 375 1685; x_wconf 87' lang='lat' dir='ltr'><strong>Iliensibus</strong></span> <span class='ocrx_word' id='word_1_130' title='bbox 397 1625 580 1686; x_wconf 90' lang='lat' dir='ltr'><strong>concitatum</strong></span> <span class='ocrx_word' id='word_1_131' title='bbox 602 1623 632 1683; x_wconf 91' lang='lat' dir='ltr'><strong>in</strong></span> <span class='ocrx_word' id='word_1_132' title='bbox 653 1623 794 1685; x_wconf 82' lang='lat' dir='ltr'><strong>Sardinia</strong></span> <span class='ocrx_word' id='word_1_133' title='bbox 813 1633 884 1685; x_wconf 90' lang='lat' dir='ltr'><strong>octo</strong></span> <span class='ocrx_word' id='word_1_134' title='bbox 906 1623 988 1687; x_wconf 84' lang='lat' dir='ltr'><strong>milia</strong></span> <span class='ocrx_word' id='word_1_135' title='bbox 1006 1623 1140 1698; x_wconf 87' lang='lat' dir='ltr'><strong>pedltun</strong></span> 
     </span>
     <span class='ocr_line' id='line_1_18' title="bbox 157 1703 1139 1784; baseline 0.002 -15"><span class='ocrx_word' id='word_1_136' title='bbox 157 1723 198 1768; x_wconf 87' lang='lat' dir='ltr'><strong>ex</strong></span> <span class='ocrx_word' id='word_1_137' title='bbox 223 1709 318 1769; x_wconf 86' lang='lat' dir='ltr'><strong>sociis</strong></span> <span class='ocrx_word' id='word_1_138' title='bbox 338 1707 435 1768; x_wconf 76' lang='lat' dir='ltr'><strong>Latird</strong></span> <span class='ocrx_word' id='word_1_139' title='bbox 460 1703 593 1769; x_wconf 89' lang='lat' dir='ltr'><strong>nominis</strong></span> <span class='ocrx_word' id='word_1_140' title='bbox 622 1707 790 1784; x_wconf 78' lang='lat' dir='ltr'><strong>placuisset</strong></span> <span class='ocrx_word' id='word_1_141' title='bbox 813 1709 906 1770; x_wconf 81' lang='lat' dir='ltr'><strong>scribi</strong></span> <span class='ocrx_word' id='word_1_142' title='bbox 932 1713 963 1767; x_wconf 91' lang='lat' dir='ltr'><strong>et</strong></span> <span class='ocrx_word' id='word_1_143' title='bbox 985 1713 1139 1771; x_wconf 73' lang='lat' dir='ltr'><strong>secentas</strong></span> 
     </span>
     <span class='ocr_line' id='line_1_19' title="bbox 158 1790 1140 1868; baseline -0.002 -16"><span class='ocrx_word' id='word_1_144' title='bbox 158 1793 295 1868; x_wconf 86' lang='lat' dir='ltr'><strong>equitas,</strong></span> <span class='ocrx_word' id='word_1_145' title='bbox 317 1791 617 1868; x_wconf 66' lang='lat' dir='ltr'><strong>quaerimonias</strong></span> <span class='ocrx_word' id='word_1_146' title='bbox 642 1798 767 1868; x_wconf 89' lang='lat' dir='ltr'><strong>praetor</strong></span> <span class='ocrx_word' id='word_1_147' title='bbox 789 1807 895 1854; x_wconf 80' lang='lat' dir='ltr'><strong>scetem</strong></span> <span class='ocrx_word' id='word_1_148' title='bbox 915 1792 945 1850; x_wconf 94' lang='lat' dir='ltr'><strong>ln</strong></span> <span class='ocrx_word' id='word_1_149' title='bbox 968 1790 1140 1852; x_wconf 80' lang='lat' dir='ltr'><strong>Sardiniam</strong></span> 
     </span>
     <span class='ocr_line' id='line_1_20' title="bbox 159 1873 1142 1952; baseline -0.002 -16"><span class='ocrx_word' id='word_1_150' title='bbox 159 1877 314 1952; x_wconf 88' lang='lat' dir='ltr'><strong>traiceret,</strong></span> <span class='ocrx_word' id='word_1_151' title='bbox 329 1883 445 1937; x_wconf 87' lang='lat' dir='ltr'><strong>tantam</strong></span> <span class='ocrx_word' id='word_1_152' title='bbox 459 1875 614 1937; x_wconf 82' lang='lat' dir='ltr'><strong>hominurn</strong></span> <span class='ocrx_word' id='word_1_153' title='bbox 630 1873 823 1938; x_wconf 77' lang='lat' dir='ltr'><strong>demortuum</strong></span> <span class='ocrx_word' id='word_1_154' title='bbox 837 1889 925 1949; x_wconf 82' lang='lat' dir='ltr'><strong>esse,</strong></span> <span class='ocrx_word' id='word_1_155' title='bbox 946 1882 1063 1936; x_wconf 85' lang='lat' dir='ltr'><strong>tantum</strong></span> <span class='ocrx_word' id='word_1_156' title='bbox 1077 1875 1142 1936; x_wconf 88' lang='lat' dir='ltr'><strong>abl·</strong></span> 
     </span>
     <span class='ocr_line' id='line_1_21' title="bbox 159 1957 1142 2037; baseline -0.004 -15"><span class='ocrx_word' id='word_1_157' title='bbox 159 1977 220 2037; x_wconf 90' lang='lat' dir='ltr'><strong>que</strong></span> <span class='ocrx_word' id='word_1_158' title='bbox 230 1975 394 2036; x_wconf 76' lang='lat' dir='ltr'><strong>aegrorum</strong></span> <span class='ocrx_word' id='word_1_159' title='bbox 406 1959 550 2022; x_wconf 89' lang='lat' dir='ltr'><strong>consoles</strong></span> <span class='ocrx_word' id='word_1_160' title='bbox 561 1957 809 2033; x_wconf 83' lang='lat' dir='ltr'><strong>renuntiaverint,</strong></span> <span class='ocrx_word' id='word_1_161' title='bbox 820 1967 855 2020; x_wconf 91' lang='lat' dir='ltr'><strong>ut</strong></span> <span class='ocrx_word' id='word_1_162' title='bbox 864 1959 891 2020; x_wconf 87' lang='lat' dir='ltr'><strong>is</strong></span> <span class='ocrx_word' id='word_1_163' title='bbox 902 1972 1049 2022; x_wconf 85' lang='lat' dir='ltr'><strong>numeras</strong></span> <span class='ocrx_word' id='word_1_164' title='bbox 1060 1958 1142 2019; x_wconf 87' lang='lat' dir='ltr'><strong>ellici</strong></span> 
     </span>
     <span class='ocr_line' id='line_1_22' title="bbox 158 2040 1142 2119; baseline -0.002 -16"><span class='ocrx_word' id='word_1_165' title='bbox 158 2042 285 2104; x_wconf 89' lang='lat' dir='ltr'><strong>militum</strong></span> <span class='ocrx_word' id='word_1_166' title='bbox 299 2059 361 2105; x_wconf 92' lang='lat' dir='ltr'><strong>non</strong></span> <span class='ocrx_word' id='word_1_167' title='bbox 377 2043 519 2119; x_wconf 85' lang='lat' dir='ltr'><strong>potuerit.</strong></span> <span class='ocrx_word' id='word_1_168' title='bbox 549 2043 634 2118; x_wconf 90' lang='lat' dir='ltr'><strong>quod</strong></span> <span class='ocrx_word' id='word_1_169' title='bbox 649 2043 754 2104; x_wconf 87' lang='lat' dir='ltr'><strong>deerat</strong></span> <span class='ocrx_word' id='word_1_170' title='bbox 765 2040 902 2115; x_wconf 78' lang='lat' dir='ltr'><strong>militurn,</strong></span> <span class='ocrx_word' id='word_1_171' title='bbox 918 2057 1041 2104; x_wconf 78' lang='lat' dir='ltr'><strong>sunnam</strong></span> <span class='ocrx_word' id='word_1_172' title='bbox 1055 2059 1075 2102; x_wconf 89' lang='lat' dir='ltr'><strong>a</strong></span> <span class='ocrx_word' id='word_1_173' title='bbox 1091 2043 1142 2103; x_wconf 81' lang='lat' dir='ltr'><strong>Cn.</strong></span> 
     </span>
     <span class='ocr_line' id='line_1_23' title="bbox 157 2124 1142 2201; baseline -0.001 -15"><span class='ocrx_word' id='word_1_174' title='bbox 157 2127 274 2186; x_wconf 73' lang='lat' dir='ltr'><strong>Baebio</strong></span> <span class='ocrx_word' id='word_1_175' title='bbox 289 2127 492 2201; x_wconf 77' lang='lat' dir='ltr'><strong>proconsule,</strong></span> <span class='ocrx_word' id='word_1_176' title='bbox 510 2125 561 2201; x_wconf 90' lang='lat' dir='ltr'><strong>qui</strong></span> <span class='ocrx_word' id='word_1_177' title='bbox 575 2125 654 2186; x_wconf 88' lang='lat' dir='ltr'><strong>Pisis</strong></span> <span class='ocrx_word' id='word_1_178' title='bbox 669 2124 864 2200; x_wconf 63' lang='lat' dir='ltr'><strong>libandam,</strong></span> <span class='ocrx_word' id='word_1_179' title='bbox 888 2125 992 2189; x_wconf 84' lang='lat' dir='ltr'><strong>iussus</strong></span> <span class='ocrx_word' id='word_1_180' title='bbox 1008 2133 1142 2200; x_wconf 83' lang='lat' dir='ltr'><strong>praetor,</strong></span> 
     </span>
     <span class='ocr_line' id='line_1_24' title="bbox 157 2207 720 2284; baseline 0 -16"><span class='ocrx_word' id='word_1_181' title='bbox 157 2217 251 2284; x_wconf 85' lang='lat' dir='ltr'><strong>etque</strong></span> <span class='ocrx_word' id='word_1_182' title='bbox 265 2209 337 2269; x_wconf 90' lang='lat' dir='ltr'><strong>inde</strong></span> <span class='ocrx_word' id='word_1_183' title='bbox 351 2207 382 2268; x_wconf 91' lang='lat' dir='ltr'><strong>in</strong></span> <span class='ocrx_word' id='word_1_184' title='bbox 394 2207 569 2269; x_wconf 80' lang='lat' dir='ltr'><strong>Sardiniam</strong></span> <span class='ocrx_word' id='word_1_185' title='bbox 582 2209 720 2271; x_wconf 84' lang='lat' dir='ltr'><strong>traicere.</strong></span> 
     </span>
    </p>

    <p class='ocr_par' dir='ltr' id='par_1_4' title="bbox 155 2292 1149 2955">
     <span class='ocr_line' id='line_1_25' title="bbox 242 2292 1145 2368; baseline -0.001 -16"><span class='ocrx_word' id='word_1_186' title='bbox 242 2292 275 2352; x_wconf 89' lang='lat' dir='ltr'><strong>L.</strong></span> <span class='ocrx_word' id='word_1_187' title='bbox 289 2293 425 2353; x_wconf 78' lang='lat' dir='ltr'><strong>Duronio</strong></span> <span class='ocrx_word' id='word_1_188' title='bbox 446 2293 595 2367; x_wconf 85' lang='lat' dir='ltr'><strong>praetori,</strong></span> <span class='ocrx_word' id='word_1_189' title='bbox 614 2293 662 2353; x_wconf 90' lang='lat' dir='ltr'><strong>cui</strong></span> <span class='ocrx_word' id='word_1_190' title='bbox 683 2293 841 2368; x_wconf 87' lang='lat' dir='ltr'><strong>provincia</strong></span> <span class='ocrx_word' id='word_1_191' title='bbox 855 2293 968 2368; x_wconf 75' lang='lat' dir='ltr'><strong>apulia</strong></span> <span class='ocrx_word' id='word_1_192' title='bbox 987 2300 1145 2366; x_wconf 82' lang='lat' dir='ltr'><strong>evenerat,</strong></span> 
     </span>
     <span class='ocr_line' id='line_1_26' title="bbox 157 2375 1144 2452; baseline 0.003 -18"><span class='ocrx_word' id='word_1_193' title='bbox 157 2375 278 2436; x_wconf 82' lang='lat' dir='ltr'><strong>adlecta</strong></span> <span class='ocrx_word' id='word_1_194' title='bbox 289 2377 329 2436; x_wconf 90' lang='lat' dir='ltr'><strong>dc</strong></span> <span class='ocrx_word' id='word_1_195' title='bbox 335 2375 580 2437; x_wconf 85' lang='lat' dir='ltr'><strong>Bacchanalibus</strong></span> <span class='ocrx_word' id='word_1_196' title='bbox 593 2377 732 2451; x_wconf 78' lang='lat' dir='ltr'><strong>quaestio</strong></span> <span class='ocrx_word' id='word_1_197' title='bbox 743 2383 799 2451; x_wconf 84' lang='lat' dir='ltr'><strong>est,</strong></span> <span class='ocrx_word' id='word_1_198' title='bbox 812 2377 899 2438; x_wconf 88' lang='lat' dir='ltr'><strong>cuius</strong></span> <span class='ocrx_word' id='word_1_199' title='bbox 910 2375 1035 2438; x_wconf 89' lang='lat' dir='ltr'><strong>residua</strong></span> <span class='ocrx_word' id='word_1_200' title='bbox 1047 2391 1144 2452; x_wconf 87' lang='lat' dir='ltr'><strong>quae·</strong></span> 
     </span>
     <span class='ocr_line' id='line_1_27' title="bbox 158 2459 1146 2536; baseline 0.002 -17"><span class='ocrx_word' id='word_1_201' title='bbox 158 2459 228 2520; x_wconf 86' lang='lat' dir='ltr'><strong>darn</strong></span> <span class='ocrx_word' id='word_1_202' title='bbox 244 2462 327 2521; x_wconf 73' lang='lat' dir='ltr'><strong>velut</strong></span> <span class='ocrx_word' id='word_1_203' title='bbox 341 2459 459 2519; x_wconf 89' lang='lat' dir='ltr'><strong>semina</strong></span> <span class='ocrx_word' id='word_1_204' title='bbox 473 2473 512 2519; x_wconf 90' lang='lat' dir='ltr'><strong>ex</strong></span> <span class='ocrx_word' id='word_1_205' title='bbox 527 2459 681 2536; x_wconf 87' lang='lat' dir='ltr'><strong>prioribus</strong></span> <span class='ocrx_word' id='word_1_206' title='bbox 696 2460 783 2520; x_wconf 86' lang='lat' dir='ltr'><strong>malis</strong></span> <span class='ocrx_word' id='word_1_207' title='bbox 799 2461 858 2520; x_wconf 85' lang='lat' dir='ltr'><strong>iam</strong></span> <span class='ocrx_word' id='word_1_208' title='bbox 873 2460 976 2536; x_wconf 89' lang='lat' dir='ltr'><strong>priore</strong></span> <span class='ocrx_word' id='word_1_209' title='bbox 990 2475 1075 2521; x_wconf 90' lang='lat' dir='ltr'><strong>annc</strong></span> <span class='ocrx_word' id='word_1_210' title='bbox 1090 2475 1146 2536; x_wconf 89' lang='lat' dir='ltr'><strong>ap·</strong></span> 
     </span>
     <span class='ocr_line' id='line_1_28' title="bbox 157 2543 1146 2621; baseline 0.001 -18"><span class='ocrx_word' id='word_1_211' title='bbox 157 2550 337 2619; x_wconf 83' lang='lat' dir='ltr'><strong>paruerant;</strong></span> <span class='ocrx_word' id='word_1_212' title='bbox 359 2543 417 2603; x_wconf 90' lang='lat' dir='ltr'><strong>sed</strong></span> <span class='ocrx_word' id='word_1_213' title='bbox 438 2543 536 2619; x_wconf 76' lang='lat' dir='ltr'><strong>magis</strong></span> <span class='ocrx_word' id='word_1_214' title='bbox 550 2543 711 2604; x_wconf 83' lang='lat' dir='ltr'><strong>inchoatae</strong></span> <span class='ocrx_word' id='word_1_215' title='bbox 731 2545 814 2619; x_wconf 89' lang='lat' dir='ltr'><strong>apud</strong></span> <span class='ocrx_word' id='word_1_216' title='bbox 828 2545 861 2603; x_wconf 85' lang='lat' dir='ltr'><strong>L.</strong></span> <span class='ocrx_word' id='word_1_217' title='bbox 876 2543 1005 2621; x_wconf 89' lang='lat' dir='ltr'><strong>Papiam</strong></span> <span class='ocrx_word' id='word_1_218' title='bbox 1020 2551 1146 2620; x_wconf 85' lang='lat' dir='ltr'><strong>practo-</strong></span> 
     </span>
     <span class='ocr_line' id='line_1_29' title="bbox 155 2625 1146 2704; baseline 0.001 -18"><span class='ocrx_word' id='word_1_219' title='bbox 155 2643 221 2687; x_wconf 87' lang='lat' dir='ltr'><strong>rem</strong></span> <span class='ocrx_word' id='word_1_220' title='bbox 237 2625 435 2702; x_wconf 80' lang='lat' dir='ltr'><strong>quaestiones</strong></span> <span class='ocrx_word' id='word_1_221' title='bbox 457 2635 544 2689; x_wconf 89' lang='lat' dir='ltr'><strong>erant</strong></span> <span class='ocrx_word' id='word_1_222' title='bbox 558 2643 651 2704; x_wconf 89' lang='lat' dir='ltr'><strong>quam</strong></span> <span class='ocrx_word' id='word_1_223' title='bbox 667 2627 707 2687; x_wconf 88' lang='lat' dir='ltr'><strong>ad</strong></span> <span class='ocrx_word' id='word_1_224' title='bbox 722 2628 836 2688; x_wconf 87' lang='lat' dir='ltr'><strong>arritum</strong></span> <span class='ocrx_word' id='word_1_225' title='bbox 851 2629 946 2690; x_wconf 86' lang='lat' dir='ltr'><strong>ullum</strong></span> <span class='ocrx_word' id='word_1_226' title='bbox 960 2627 1146 2704; x_wconf 80' lang='lat' dir='ltr'><strong>perductae.</strong></span> 
     </span>
     <span class='ocr_line' id='line_1_30' title="bbox 156 2711 1146 2787; baseline 0.002 -17"><span class='ocrx_word' id='word_1_227' title='bbox 156 2711 188 2771; x_wconf 92' lang='lat' dir='ltr'><strong>ld</strong></span> <span class='ocrx_word' id='word_1_228' title='bbox 202 2724 367 2786; x_wconf 86' lang='lat' dir='ltr'><strong>persecare</strong></span> <span class='ocrx_word' id='word_1_229' title='bbox 379 2725 495 2772; x_wconf 88' lang='lat' dir='ltr'><strong>novum</strong></span> <span class='ocrx_word' id='word_1_230' title='bbox 510 2719 692 2787; x_wconf 76' lang='lat' dir='ltr'><strong>praetorem,</strong></span> <span class='ocrx_word' id='word_1_231' title='bbox 710 2723 750 2771; x_wconf 90' lang='lat' dir='ltr'><strong>nc</strong></span> <span class='ocrx_word' id='word_1_232' title='bbox 763 2719 903 2787; x_wconf 84' lang='lat' dir='ltr'><strong>serperet</strong></span> <span class='ocrx_word' id='word_1_233' title='bbox 916 2711 1024 2773; x_wconf 72' lang='lat' dir='ltr'><strong>iter-um</strong></span> <span class='ocrx_word' id='word_1_234' title='bbox 1039 2711 1146 2786; x_wconf 84' lang='lat' dir='ltr'><strong>latius,</strong></span> 
     </span>
     <span class='ocr_line' id='line_1_31' title="bbox 155 2791 1147 2870; baseline 0.004 -17"><span class='ocrx_word' id='word_1_235' title='bbox 155 2800 259 2868; x_wconf 85' lang='lat' dir='ltr'><strong>patres</strong></span> <span class='ocrx_word' id='word_1_236' title='bbox 274 2794 441 2856; x_wconf 83' lang='lat' dir='ltr'><strong>iusserunt.</strong></span> <span class='ocrx_word' id='word_1_237' title='bbox 467 2799 499 2854; x_wconf 87' lang='lat' dir='ltr'><strong>ot</strong></span> <span class='ocrx_word' id='word_1_238' title='bbox 511 2796 597 2870; x_wconf 75' lang='lat' dir='ltr'><strong>leges</strong></span> <span class='ocrx_word' id='word_1_239' title='bbox 612 2796 652 2856; x_wconf 92' lang='lat' dir='ltr'><strong>de</strong></span> <span class='ocrx_word' id='word_1_240' title='bbox 665 2795 780 2856; x_wconf 81' lang='lat' dir='ltr'><strong>ambitu</strong></span> <span class='ocrx_word' id='word_1_241' title='bbox 794 2797 940 2856; x_wconf 84' lang='lat' dir='ltr'><strong>consules</strong></span> <span class='ocrx_word' id='word_1_242' title='bbox 954 2809 994 2855; x_wconf 89' lang='lat' dir='ltr'><strong>ex</strong></span> <span class='ocrx_word' id='word_1_243' title='bbox 1009 2791 1147 2856; x_wconf 85' lang='lat' dir='ltr'><strong>auctori·</strong></span> 
     </span>
     <span class='ocr_line' id='line_1_32' title="bbox 155 2877 1149 2955; baseline 0.002 -19"><span class='ocrx_word' id='word_1_244' title='bbox 155 2881 216 2936; x_wconf 86' lang='lat' dir='ltr'><strong>tate</strong></span> <span class='ocrx_word' id='word_1_245' title='bbox 231 2883 358 2938; x_wconf 88' lang='lat' dir='ltr'><strong>senatus</strong></span> <span class='ocrx_word' id='word_1_246' title='bbox 372 2877 413 2938; x_wconf 85' lang='lat' dir='ltr'><strong>ed</strong></span> <span class='ocrx_word' id='word_1_247' title='bbox 426 2879 575 2954; x_wconf 85' lang='lat' dir='ltr'><strong>populum</strong></span> <span class='ocrx_word' id='word_1_248' title='bbox 585 2879 725 2940; x_wconf 84' lang='lat' dir='ltr'><strong>tuleram.</strong></span> <span class='ocrx_word' id='word_1_249' title='bbox 762 2877 825 2938; x_wconf 86' lang='lat' dir='ltr'><strong>XX.</strong></span> <span class='ocrx_word' id='word_1_250' title='bbox 848 2879 1016 2955; x_wconf 76' lang='lat' dir='ltr'><strong>legationes</strong></span> <span class='ocrx_word' id='word_1_251' title='bbox 1028 2877 1149 2939; x_wconf 84' lang='lat' dir='ltr'><strong>deinde</strong></span> 
     </span>
    </p>
   </div>
   <div class='ocr_carea' id='block_1_3' title="bbox 153 2959 1157 3539">
    <p class='ocr_par' dir='ltr' id='par_1_5' title="bbox 153 2959 1157 3539">
     <span class='ocr_line' id='line_1_33' title="bbox 155 2959 1148 3039; baseline 0.002 -21"><span class='ocrx_word' id='word_1_252' title='bbox 155 2959 186 3018; x_wconf 91' lang='lat' dir='ltr'><strong>in</strong></span> <span class='ocrx_word' id='word_1_253' title='bbox 198 2966 339 3020; x_wconf 89' lang='lat' dir='ltr'><strong>senatum</strong></span> <span class='ocrx_word' id='word_1_254' title='bbox 350 2959 593 3035; x_wconf 78' lang='lat' dir='ltr'><strong>introduxerunt</strong></span> <span class='ocrx_word' id='word_1_255' title='bbox 609 2977 715 3039; x_wconf 70' lang='lat' dir='ltr'><strong>regum</strong></span> <span class='ocrx_word' id='word_1_256' title='bbox 726 2960 841 3038; x_wconf 87' lang='lat' dir='ltr'><strong>prlnras</strong></span> <span class='ocrx_word' id='word_1_257' title='bbox 852 2959 997 3024; x_wconf 86' lang='lat' dir='ltr'><strong>Eumenis</strong></span> <span class='ocrx_word' id='word_1_258' title='bbox 1010 2969 1041 3021; x_wconf 90' lang='lat' dir='ltr'><strong>ct</strong></span> <span class='ocrx_word' id='word_1_259' title='bbox 1051 2962 1148 3021; x_wconf 83' lang='lat' dir='ltr'><strong>Aria·</strong></span> 
     </span>
     <span class='ocr_line' id='line_1_34' title="bbox 155 3041 1150 3120; baseline 0.003 -18"><span class='ocrx_word' id='word_1_260' title='bbox 155 3041 250 3103; x_wconf 88' lang='lat' dir='ltr'><strong>rathis</strong></span> <span class='ocrx_word' id='word_1_261' title='bbox 273 3044 466 3120; x_wconf 81' lang='lat' dir='ltr'><strong>Cappadocis</strong></span> <span class='ocrx_word' id='word_1_262' title='bbox 487 3053 518 3106; x_wconf 87' lang='lat' dir='ltr'><strong>et</strong></span> <span class='ocrx_word' id='word_1_263' title='bbox 533 3045 700 3108; x_wconf 84' lang='lat' dir='ltr'><strong>Pharnacis</strong></span> <span class='ocrx_word' id='word_1_264' title='bbox 720 3045 847 3107; x_wconf 90' lang='lat' dir='ltr'><strong>Pontici.</strong></span> <span class='ocrx_word' id='word_1_265' title='bbox 877 3061 934 3108; x_wconf 89' lang='lat' dir='ltr'><strong>nec</strong></span> <span class='ocrx_word' id='word_1_266' title='bbox 954 3047 1033 3108; x_wconf 90' lang='lat' dir='ltr'><strong>ultra</strong></span> <span class='ocrx_word' id='word_1_267' title='bbox 1055 3045 1150 3120; x_wconf 80' lang='lat' dir='ltr'><strong>quic·</strong></span> 
     </span>
     <span class='ocr_line' id='line_1_35' title="bbox 155 3127 1150 3206; baseline 0.003 -20"><span class='ocrx_word' id='word_1_268' title='bbox 155 3141 246 3200; x_wconf 84' lang='lat' dir='ltr'><strong>quam</strong></span> <span class='ocrx_word' id='word_1_269' title='bbox 267 3127 312 3187; x_wconf 89' lang='lat' dir='ltr'><strong>eis</strong></span> <span class='ocrx_word' id='word_1_270' title='bbox 335 3143 522 3205; x_wconf 88' lang='lat' dir='ltr'><strong>responsum</strong></span> <span class='ocrx_word' id='word_1_271' title='bbox 541 3135 590 3189; x_wconf 88' lang='lat' dir='ltr'><strong>est</strong></span> <span class='ocrx_word' id='word_1_272' title='bbox 610 3145 702 3206; x_wconf 87' lang='lat' dir='ltr'><strong>qaam</strong></span> <span class='ocrx_word' id='word_1_273' title='bbox 722 3129 873 3192; x_wconf 84' lang='lat' dir='ltr'><strong>missuros</strong></span> <span class='ocrx_word' id='word_1_274' title='bbox 895 3129 1002 3206; x_wconf 88' lang='lat' dir='ltr'><strong>quide</strong></span> <span class='ocrx_word' id='word_1_275' title='bbox 1017 3136 1150 3190; x_wconf 86' lang='lat' dir='ltr'><strong>contra·</strong></span> 
     </span>
     <span class='ocr_line' id='line_1_36' title="bbox 154 3210 1152 3290; baseline 0.005 -21"><span class='ocrx_word' id='word_1_276' title='bbox 154 3210 264 3270; x_wconf 85' lang='lat' dir='ltr'><strong>versiis</strong></span> <span class='ocrx_word' id='word_1_277' title='bbox 286 3227 393 3272; x_wconf 87' lang='lat' dir='ltr'><strong>eorum</strong></span> <span class='ocrx_word' id='word_1_278' title='bbox 413 3221 638 3287; x_wconf 74' lang='lat' dir='ltr'><strong>cognoscerent</strong></span> <span class='ocrx_word' id='word_1_279' title='bbox 663 3219 901 3290; x_wconf 78' lang='lat' dir='ltr'><strong>statueremque.</strong></span> <span class='ocrx_word' id='word_1_280' title='bbox 932 3213 1152 3278; x_wconf 81' lang='lat' dir='ltr'><strong>Lacedaemo·</strong></span> 
     </span>
     <span class='ocr_line' id='line_1_37' title="bbox 155 3293 1153 3373; baseline 0.005 -21"><span class='ocrx_word' id='word_1_281' title='bbox 155 3293 274 3354; x_wconf 87' lang='lat' dir='ltr'><strong>nicrum</strong></span> <span class='ocrx_word' id='word_1_282' title='bbox 301 3294 412 3356; x_wconf 87' lang='lat' dir='ltr'><strong>deinde</strong></span> <span class='ocrx_word' id='word_1_283' title='bbox 438 3297 578 3356; x_wconf 84' lang='lat' dir='ltr'><strong>exsulum</strong></span> <span class='ocrx_word' id='word_1_284' title='bbox 599 3303 629 3356; x_wconf 90' lang='lat' dir='ltr'><strong>et</strong></span> <span class='ocrx_word' id='word_1_285' title='bbox 648 3297 842 3359; x_wconf 79' lang='lat' dir='ltr'><strong>netraecnmr</strong></span> <span class='ocrx_word' id='word_1_286' title='bbox 862 3298 954 3373; x_wconf 74' lang='lat' dir='ltr'><strong>legati</strong></span> <span class='ocrx_word' id='word_1_287' title='bbox 974 3295 1153 3358; x_wconf 85' lang='lat' dir='ltr'><strong>introducti</strong></span> 
     </span>
     <span class='ocr_line' id='line_1_38' title="bbox 153 3379 1154 3456; baseline 0.004 -20"><span class='ocrx_word' id='word_1_288' title='bbox 153 3385 234 3448; x_wconf 84' lang='lat' dir='ltr'><strong>sunt,</strong></span> <span class='ocrx_word' id='word_1_289' title='bbox 264 3385 296 3438; x_wconf 89' lang='lat' dir='ltr'><strong>et</strong></span> <span class='ocrx_word' id='word_1_290' title='bbox 318 3391 392 3454; x_wconf 90' lang='lat' dir='ltr'><strong>spes</strong></span> <span class='ocrx_word' id='word_1_291' title='bbox 420 3380 492 3440; x_wconf 86' lang='lat' dir='ltr'><strong>data</strong></span> <span class='ocrx_word' id='word_1_292' title='bbox 520 3379 679 3442; x_wconf 80' lang='lat' dir='ltr'><strong>casulibus</strong></span> <span class='ocrx_word' id='word_1_293' title='bbox 708 3387 756 3441; x_wconf 88' lang='lat' dir='ltr'><strong>est</strong></span> <span class='ocrx_word' id='word_1_294' title='bbox 784 3382 969 3456; x_wconf 86' lang='lat' dir='ltr'><strong>scripturum</strong></span> <span class='ocrx_word' id='word_1_295' title='bbox 998 3385 1154 3442; x_wconf 83' lang='lat' dir='ltr'><strong>senatum</strong></span> 
     </span>
     <span class='ocr_line' id='line_1_39' title="bbox 153 3460 1157 3539; baseline 0.005 -20"><span class='ocrx_word' id='word_1_296' title='bbox 153 3460 305 3537; x_wconf 85' lang='lat' dir='ltr'><strong>Achaeis,</strong></span> <span class='ocrx_word' id='word_1_297' title='bbox 327 3469 361 3524; x_wconf 89' lang='lat' dir='ltr'><strong>ut</strong></span> <span class='ocrx_word' id='word_1_298' title='bbox 379 3463 621 3526; x_wconf 83' lang='lat' dir='ltr'><strong>restituerentur.</strong></span> <span class='ocrx_word' id='word_1_299' title='bbox 653 3462 771 3524; x_wconf 83' lang='lat' dir='ltr'><strong>Achaei</strong></span> <span class='ocrx_word' id='word_1_300' title='bbox 792 3465 831 3524; x_wconf 88' lang='lat' dir='ltr'><strong>de</strong></span> <span class='ocrx_word' id='word_1_301' title='bbox 849 3463 994 3526; x_wconf 86' lang='lat' dir='ltr'><strong>Messene</strong></span> <span class='ocrx_word' id='word_1_302' title='bbox 1014 3471 1157 3539; x_wconf 87' lang='lat' dir='ltr'><strong>recepta</strong></span> 
     </span>
    </p>
   </div>
   <div class='ocr_carea' id='block_1_4' title="bbox 0 0 1168 3870">
    <p class='ocr_par' dir='ltr' id='par_1_6' title="bbox 0 0 1168 3870">
     <span class='ocr_line' id='line_1_40' title="bbox 0 0 1168 3870; baseline 0 0"><span class='ocrx_word' id='word_1_303' title='bbox 0 0 1168 3870; x_wconf 95' lang='lat' dir='ltr'><strong> </strong></span> 
     </span>
    </p>
   </div>
  </div>
 </body>
</html>
