2364 3862
178 198 239 264 tell
352 199 467 260 LIBER
476 199 578 260 XLIII.
601 199 684 260 CAP.
695 207 722 262 8.
735 207 762 264 9.
774 199 811 276 [a.
823 203 857 258 U.
869 220 892 258 c.
905 203 965 270 582]

176 368 251 414 sens
273 348 390 412 audivit
412 366 503 425 quam
518 349 548 408 in
563 349 721 411 absentem
736 350 814 410 iacta
828 357 930 420 erant;
952 356 982 408 et
992 347 1128 422 graviores

121 473 127 484 ·
177 435 429 512 potentioresque
451 449 613 494 accessere
629 441 827 496 accusatores
842 434 904 496 duo
919 433 1028 494 tribuni
1041 433 1136 510 plebis„

176 517 226 580 Μ’.
248 518 405 580 luventius
424 516 540 579 Thalna
560 524 590 580 et
611 516 663 580 Cn.
689 517 841 581 Aufidius.
871 516 892 578 ii
913 532 972 578 non
994 515 1023 576 in
1042 523 1130 578 senatu

178 603 269 664 modo
290 617 359 662 eum
379 602 567 673 lacerarunt,
589 601 647 664 sed
662 600 882 666 meoniorum
897 601 985 662 etiarn
1000 605 1130 675 pertracto

177 686 278 748 multis
294 685 421 744 obiectis
437 684 558 760 probris
573 683 653 746 diem
665 685 816 748 dixerunt
831 693 957 748 serratus
969 683 1053 746 iussu
1063 682 1131 742 ctat

177 768 356 830 cidensibus
373 768 406 842 Q.
422 767 561 830 Maenius
577 774 702 844 praetor
715 769 883 844 respondit,
905 783 986 842 quae
999 767 1071 828 bene
1083 779 1131 824 me

176 853 251 912 ritos
273 866 345 912 sese
367 860 397 912 et
417 859 487 912 onte
508 859 537 912 et
552 850 583 913 in
598 867 635 916 eo
650 851 730 914 bello
746 853 831 928 quod
846 861 970 926 geraurr
984 850 1023 910 de
1037 850 1131 924 populo

176 937 314 998 Romano
336 933 453 1007 dicant,
475 951 512 996 ea
526 942 556 994 et
570 936 650 998 scire
664 950 737 998 vera
751 949 807 998 eos
822 935 938 996 reterre
953 940 1091 1005 senatun,
1109 937 1133 994 et

98 1073 103 1082 .
176 1019 305 1096 perinde
325 1033 362 1076 ac
383 1019 515 1080 debeant
534 1025 619 1092 grata
634 1034 715 1080 esse.
744 1034 824 1094 quae
839 1020 919 1080 lacta
934 1036 954 1078 a
968 1017 1000 1078 c.
1014 1015 1133 1077 Lucretio

176 1100 305 1177 fierique
327 1101 366 1162 ab
386 1101 419 1160 L.
434 1101 597 1164 Hortensio
613 1102 806 1178 praetoribus
820 1103 969 1166 Romanis
984 1106 1133 1176 querantur

177 1203 214 1248 ea
235 1201 337 1262 neque
356 1186 437 1248 lacta
456 1200 556 1262 neque
576 1184 642 1248 fleri
664 1186 819 1250 voluntate
840 1194 969 1248 senatus
989 1193 1134 1263 qnemnon

178 1285 273 1346 posse
288 1269 472 1342 existimare,
489 1269 540 1344 qui
555 1269 632 1332 sciat
645 1269 756 1333 bellurn
765 1269 871 1332 Persei
885 1277 916 1333 ct
930 1276 1003 1331 ante
1016 1265 1135 1340 Philipp

177 1354 334 1430 patricius
347 1351 487 1414 intulisse
502 1354 649 1428 populum
661 1354 831 1422 itomanam
842 1369 900 1432 pro
911 1353 1052 1414 libertate
1062 1350 1119 1410 Gra
1132 1382 1137 1393 ι

177 1438 253 1509 ciac,
268 1452 330 1496 non
345 1443 378 1496 ut
392 1452 429 1495 ea
441 1453 459 1496 a
472 1435 699 1512 magistratibus
713 1435 791 1498 socii
805 1444 898 1512 atque
912 1436 1004 1498 amici
1019 1442 1135 1510 paterer

177 1526 246 1580 tart
265 1519 380 1580 litteras
392 1535 427 1578 se
439 1519 479 1578 ad
491 1519 523 1578 L.
534 1520 731 1584 Hortensium
744 1529 916 1595 praetorem
932 1520 1060 1582 daturos
1073 1533 1101 1576 es
1120 1538 1137 1577 a

178 1618 258 1678 quae
280 1602 497 1664 Chalcidenses
519 1611 685 1678 querantur
705 1611 789 1678 acta,
815 1620 854 1664 ea
874 1601 998 1668 senatui
1018 1619 1075 1664 nou
1088 1600 1120 1676 pl

178 1702 265 1756 cere;
294 1686 321 1746 si
342 1688 394 1762 qui
416 1686 446 1746 in
467 1686 644 1748 servitutem
665 1686 751 1748 liberi
772 1690 944 1760 venissent,
964 1694 1122 1748 uteosco

179 1770 347 1847 quirendos
378 1769 476 1844 primo
509 1786 635 1848 quoque
666 1777 804 1848 tempore
828 1764 1121 1845 restituendosque'

178 1855 345 1915 libertatem
361 1861 497 1924 curaretr
516 1854 672 1916 sociorum
686 1855 840 1918 navalium
855 1853 1020 1930 nerninem,
1040 1867 1104 1929 prae

178 1939 350 2012 magistros,
366 1938 396 1996 in
411 1937 546 2014 hospitia
560 1938 671 2000 deduci
686 1953 817 2014 aequam
832 1955 970 2002 censere.
988 1935 1116 2000 bacello

177 2021 275 2082 tensio
291 2022 380 2082 iussu
394 2028 520 2084 senatus
535 2022 660 2096 scripta.
688 2037 816 2084 munera
828 2023 932 2086 binum
947 2022 1064 2084 andium
1076 2016 1125 2078 ae'

177 2105 286 2178 legatis
301 2103 405 2172 missa,
422 2112 452 2164 et
465 2104 607 2166 vehicula
620 2105 800 2182 Micythioni
814 2107 939 2181 publice
952 2106 1063 2179 locata,
1077 2118 1136 2178 (ιιι

178 2203 248 2246 eum
268 2185 464 2247 Brundisium
492 2188 653 2248 commode
680 2189 891 2263 pervebercut.
921 2189 953 2254 Q
974 2187 1146 2255 tuumne*

176 2268 229 2329 ubi
251 2268 317 2327 dies
340 2285 420 2342 quae
435 2268 518 2330 dicta
530 2278 597 2333 erat
610 2271 701 2346 venit,
723 2273 833 2336 tribuni
849 2275 889 2336 ad
905 2275 1057 2350 populum
1068 2284 1142 2330 accu-

178 2360 292 2423 sarum,
308 2352 495 2428 multamque
510 2353 637 2416 deciens
651 2363 770 2418 centum
786 2357 900 2421 milium
912 2358 995 2420 acris
1007 2357 1143 2419 diruunt

178 2433 308 2580 {omittis
322 2433 433 2497 habitis
448 2453 554 2500 omnes
567 2440 704 2515 quinque
718 2447 749 2502 et
760 2441 881 2515 triginta
893 2441 991 2504 tribus
1003 2456 1072 2504 cum
1083 2451 1142 2498 con·
1173 2507 1174 2514 ι

200 2527 369 2582 emnarunt.
1172 2559 1174 2582 ι

264 2604 313 2664 ΙΧ.
337 2605 370 2664 ln
391 2603 555 2680 Liguribus
577 2622 615 2666 eo
631 2623 713 2671 anno
727 2606 800 2669 nitril
815 2608 1017 2672 ntemoraoile
1030 2613 1144 2682 gesom

178 2704 248 2746 nam
263 2704 321 2748 nec
335 2689 442 2749 hostes
457 2699 618 2752 moverunt
636 2706 737 2763 arma,
759 2705 861 2764 neque
880 2695 994 2755 consul
1008 2693 1145 2764 inagnum

179 2786 287 2832 eorum
301 2771 439 2846 legiones
453 2773 588 2840 induxit;
601 2780 633 2832 et
648 2772 725 2833 satis
736 2775 896 2848 explorata
908 2791 987 2851 pace
998 2776 1067 2836 eius
1078 2768 1145 2837 ann'l

179 2853 288 2913 milites
304 2855 433 2914 duarum
448 2854 601 2928 legionum
615 2857 820 2920 Romanarum
830 2857 909 2924 intra
919 2859 988 2920 dies
1000 2854 1147 2932 sexaginta

180 2951 271 3010 quum
292 2936 322 2994 in
337 2936 527 3010 provinciam
541 2937 625 3000 venit
638 2940 761 3022 dimisit
783 2943 940 3004 sociorum
955 2941 1087 3004 nominis
1100 2937 1147 2996 La·

178 3018 233 3079 tini
253 3019 389 3079 exercitu
411 3025 526 3080 mature
546 3019 576 3080 in
598 3023 725 3086 hiberna
738 3025 855 3089 Lunam
869 3032 901 3088 et
914 3023 1003 3086 Pisas
1018 3024 1147 3090 deducto,

180 3101 248 3243 ipise
269 3117 337 3162 cum
358 3102 510 3178 equitibus
533 3105 647 3168 Galliae
675 3110 851 3183 provinciae
873 3109 1022 3185 pleraque
1045 3102 1149 3182 oppida

180 3201 198 3244 tl
222 3192 261 3243 tlt.

263 3267 420 3345 Nusquam
441 3270 512 3332 alibi
528 3289 619 3347 quam
634 3273 664 3332 in
679 3272 862 3342 Macedonio
877 3275 991 3338 bellum
1005 3280 1085 3336 erata
1105 3286 1149 3330 su·

180 3360 318 3426 spectum
338 3361 439 3415 tamen
461 3362 491 3414 et
512 3357 649 3417 Gentium
675 3356 850 3434 lllyriorum
871 3373 976 3434 regern
996 3357 1170 3420 habebant.

182 3435 282 3511 ltaque
299 3446 329 3500 et
343 3447 412 3500 octo
427 3454 522 3500 naves
543 3446 665 3500 ornatas
687 3455 706 3498 a
719 3440 884 3504 Brundisio
899 3451 1025 3506 senatus
1041 3435 1151 3502 censuit
