2424 3872
210 242 322 304 LIBER
332 243 463 304 XXXIX.
487 243 569 304 CAP.
580 251 624 308 37.
648 250 683 317 [a.
697 251 727 300 C.
743 252 804 318 184]
953 247 994 309 35

53 403 95 468 net,
107 409 154 468 ego
168 393 304 468 antiquas
314 393 563 453 Lacedaemoniis
578 394 664 466 leges
680 401 828 470 tyrannos
844 395 995 458 ademisse

54 477 165 546 chinon
184 493 238 536 nos
254 492 314 536 non
331 492 404 538 suas
420 476 582 547 ademisse,
600 492 677 550 quas
690 493 750 537 non
763 477 924 554 habebant,
940 481 996 542 sed

53 568 144 622 nostras
156 563 235 634 teges
250 561 389 628 dedisse;
415 575 472 619 nec
486 561 565 620 maie
581 560 774 621 consuluisse
790 560 912 638 civitati,
928 579 994 623 cum

52 643 142 702 concilii
164 642 255 704 nostri
277 659 344 702 eam
365 644 526 703 fecerimus
552 649 582 703 et
601 644 690 704 nobis
712 645 939 720 miscuerimus,
964 653 996 707 ut

52 741 135 800 corpus
146 743 232 786 unum
249 734 279 787 et
294 725 455 786 concilium
470 728 561 787 totius
575 726 780 805 Peloponnesi
794 736 888 788 esset.
914 737 995 804 tuno,

50 816 72 870 ut
82 811 178 885 opinor,
192 810 217 871 si
232 809 299 870 aliis
316 811 375 885 ipsi
389 808 507 885 legibus
522 810 710 885 viveremus,
727 812 802 870 alias
816 810 884 871 istis
898 813 993 872 iniun-

28 885 32 896 '
49 892 182 968 xisscmns,
204 894 291 970 queri
310 909 345 954 se
360 891 464 968 iniquo
482 895 547 954 iure
562 909 633 954 esse
648 901 678 955 et
691 894 841 969 indignari
856 903 993 970 possent.

49 975 95 1036 scic
112 992 173 1052 ego,
193 979 252 1055 Ap.
276 976 396 1050 Claudi,
419 976 497 1036 hanc
518 978 701 1052 oraticnem,
724 994 784 1054 qua
804 995 872 1038 sum
894 979 994 1041 adhuc

48 1075 114 1132 usus,
131 1077 223 1136 neque
242 1060 400 1121 sociorum
421 1059 503 1134 apud
525 1061 629 1121 socios
649 1077 751 1137 neque
767 1061 881 1122 liberae
894 1064 993 1137 gentis

47 1155 108 1214 esse,
130 1145 180 1203 sed
199 1159 274 1203 tere
300 1159 459 1203 seriorum
482 1143 716 1219 disceptantium
736 1147 819 1220 apud
842 1145 992 1207 dominos.

47 1238 96 1284 ran
107 1227 128 1286 si
140 1243 196 1287 non
209 1243 291 1287 vana
306 1227 356 1286 iila
371 1242 433 1287 ιοιι
447 1227 611 1302 praeconis
626 1228 695 1302 fuit,
718 1244 778 1304 qua
793 1229 906 1289 liberos
922 1245 994 1289 esse

48 1309 146 1368 omnium
159 1311 275 1384 primos
290 1297 434 1370 Achaeos
450 1308 599 1384 iussistis,
617 1311 644 1371 si
659 1312 769 1371 foedus
784 1319 882 1371 return
896 1320 951 1386 est,
967 1313 991 1372 si

23 1335 25 1464 X
48 1391 145 1453 societas
165 1401 193 1456 et
213 1393 345 1454 amicitia
367 1409 527 1470 exaequo
551 1393 744 1467 observatur,
767 1411 820 1454 cur
840 1410 897 1469 ego
919 1395 992 1472 quid

23 1471 121 1562 {Capua
139 1484 223 1552 capta
244 1477 379 1538 feceritis
394 1477 522 1537 Romani
543 1493 603 1537 non
620 1494 749 1554 quaero,
773 1495 829 1539 tos
844 1479 990 1540 rationem

69 1560 169 1630 poscitis
192 1561 268 1637 quid
285 1559 402 1620 Achaei
416 1559 668 1622 Lacedaemoniis
684 1563 764 1623 bello
779 1562 868 1624 uictis
884 1563 989 1623 ieceri-

23 1563 109 1718 'musi
97 1643 268 1704 iinteriecti
284 1644 377 1719 aliqui
393 1651 479 1716 sunt,
495 1644 731 1719 nngeanobis=
753 1646 848 1720 quide
869 1661 989 1706 t··osse

23 1723 134 1806 {catores
145 1726 322 1802 Campanos
344 1727 445 1787 securi
461 1743 522 1786 non
537 1727 757 1802 percussistist
778 1745 882 1789 muros
898 1729 990 1789 dirui

23 1797 25 1908 ξ
46 1819 104 1866 ms:
114 1827 164 1871 tos
174 1827 235 1872 non
247 1826 355 1870 muros
366 1817 481 1870 tantum
493 1811 549 1870 scd
562 1809 667 1870 urbem
679 1818 708 1870 et
719 1827 810 1884 agros
823 1811 981 1872 ademistis

23 1943 24 1960 ξ
23 1891 128 1965 specie,
140 1894 247 1969 inquis,
266 1909 398 1969 aequum
412 1900 460 1953 cst
473 1893 600 1952 foedus:
622 1908 656 1952 re
672 1893 753 1968 apud
765 1893 908 1953 Achaeos
923 1910 991 1968 pre

46 1973 101 2032 caia
112 1972 235 2052 libertas,
251 1977 337 2052 apud
352 1977 508 2037 Romanos
524 1976 638 2036 etiam
630 1977 788 2051 imperium
804 1982 859 2035 est.
882 1977 991 2052 sentio,

45 2054 108 2128 Appi,
122 2061 184 2120 etsi
198 2077 261 2120 non
279 2065 409 2156 oportet,
424 2077 485 2120 non
497 2059 653 2134 indignor:
676 2059 733 2119 sed
745 2075 799 2121 oro
810 2075 877 2132 voS,
897 2077 991 2136 quau-

23 2157 24 2160 *
44 2139 167 2202 tumlibet
159 2142 278 2205 intersit
297 2142 375 2203 inter
387 2145 543 2204 Romanos
564 2150 595 2203 et
608 2142 767 2216 Achaeos,
787 2143 879 2205 modo
901 2160 940 2206 ne
960 2145 989 2204 in

44 2233 67 2276 tt
69 2239 116 2295 quo
130 2225 231 2289 hostes
246 2227 341 2288 nestri
356 2225 515 2302 nostrique
532 2227 616 2302 opud
632 2243 690 2287 tos
706 2229 766 2289 sint
781 2243 816 2288 ac
830 2245 889 2290 nos
904 2229 990 2302 socii,

44 2299 106 2365 iuno
123 2325 157 2368 ne
175 2309 330 2370 meliore
322 2327 388 2371 rure
409 2311 477 2371 sint.
511 2327 581 2370 nam
601 2318 635 2370 ut
651 2309 681 2370 in
699 2327 798 2387 aequo
814 2319 918 2373 esseut
931 2327 989 2373 nos

24 2433 25 2436 ,
44 2383 152 2466 ierimus,
172 2410 241 2454 cum
264 2395 373 2469 leges
365 2397 402 2453 ris
418 2400 540 2454 nostras
556 2394 711 2469 dedimus,
735 2411 802 2455 oum
817 2402 850 2456 ut
863 2395 990 2456 Achaici

44 2472 130 2532 uncini
146 2484 250 2537 essent
265 2476 431 2536 effecimus.
460 2493 568 2552 parum
582 2485 630 2538 est
644 2477 746 2552 victis,
768 2480 852 2554 quod
867 2479 988 2539 iictori-

43 2544 81 2611 bus
97 2559 160 2618 satis
180 2567 243 2631 est·
267 2562 336 2636 plus
358 2561 513 2636 postulant
532 2561 638 2622 hostes
662 2578 752 2637 quarn
774 2562 850 2622 socii
866 2562 989 2621 habent.

43 2647 97 2724 itae
113 2641 304 2704 iureiurando
312 2660 415 2719 ,quae
434 2644 638 2704 monumentis
660 2644 850 2704 litterarum
842 2661 871 2702 m
887 2643 989 2717 lapide

43 2712 193 2798 insculptis·
186 2745 216 2787 ιιι
241 2733 395 2787 aeternam
421 2727 595 2787 memoriam
622 2733 727 2787 saneta
752 2731 844 2801 atque
869 2734 989 2787 sacrata

43 2810 96 2876 sunt
108 2821 140 2868 ea
153 2825 218 2870 cum
236 2810 369 2886 periurio
385 2819 491 2872 nostro
506 2811 612 2871 toliere
627 2818 744 2885 parant
767 2825 908 2870 veremur
922 2809 981 2887 qui·

23 2905 26 2914 ·
44 2879 88 2944 den
99 2906 156 2966 vos
170 2894 310 2968 Romani,
326 2901 356 2955 et
367 2911 393 2956 si
405 2896 446 2956 ιιι
458 2895 558 2970 vuius
574 2895 663 2953 etiarn
674 2895 828 2954 timemus:
849 2896 904 2955 sed
917 2897 987 2970 pius

43 2971 61 3022 et
73 2986 191 3037 ueremur
211 2983 242 3037 et
261 2977 401 3038 timemus
423 2979 500 3038 deos
518 2979 711 3039 immortales.
713 2982 733 3010 “
770 2993 836 3038 cunr
846 2980 988 3040 adsensu

42 3054 155 3118 neumae
174 3061 270 3135 partis
293 3067 339 3121 est
353 3062 489 3134 auditus,
511 3069 540 3120 et
554 3063 687 3122 locutum
701 3076 808 3122 omnes
823 3079 879 3139 pro
894 3064 986 3122 maie

43 3135 94 3194 stae
109 3143 294 3218 magistratus
316 3145 497 3216 censebant,
520 3153 554 3206 ut
573 3145 661 3204 facile
683 3154 844 3220 appareret
857 3147 987 3208 molliter

43 3221 129 3284 tsindo
142 3226 313 3301 dignitatern
329 3243 417 3288 suam
431 3234 535 3288 tenere
548 3229 704 3289 Romanos
719 3243 781 3289 non
795 3245 901 3304 posse.
923 3239 986 3292 tum

42 3294 130 3373 Aptius
144 3309 271 3371 suadere
282 3327 317 3372 se
328 3326 516 3386 magnopere
527 3311 660 3372 Achaeis
673 3311 756 3386 dixit,
772 3319 813 3386 ut,
829 3314 903 3374 dum
912 3313 984 3372 nee-

43 3386 71 3438 rei
81 3390 218 3454 uoluntate
233 3410 291 3455 sua
305 3396 408 3455 iacere
415 3395 563 3471 ,gratiam
578 3395 701 3470 inirent,
717 3411 756 3456 ne
768 3412 840 3457 mox
854 3395 939 3455 inviti
954 3398 984 3452 et

44 3471 110 3530 itari
124 3475 258 3540 iacerent.
280 3479 357 3540 haec
373 3494 435 3538 vox
450 3480 552 3540 audita
569 3479 692 3554 quidem
707 3494 777 3592 cuno
787 3477 919 3538 omnium
932 3489 970 3548 go

739 3567 757 3618 ὅ
