2368 3858
800 53 819 96 ,

182 199 247 266 304
355 200 550 261 ΕΡΙΤΟΜΑΕ
564 199 767 262 LIBRORUM
779 200 990 260 Liv-Lvn.

183 351 244 403 gnita
259 347 326 390 fliium
342 346 497 390 condemnarit
512 347 680 400 abdicaritqne,
701 360 727 390 ao
745 361 773 390 oe
793 348 864 390 funeri
880 348 971 402 quidem
984 348 1043 399 eius,
1063 359 1107 389 cour
1120 357 1149 389 ra·
1181 323 1183 366 ἶ

183 404 278 457 spendio
298 403 366 443 vitam
380 401 477 452 dntssei,
493 403 607 451 interiuitr
626 401 753 456 sedensque
768 403 827 446 domi
842 407 975 457 potestatem
990 401 1149 444 consultantibus

182 471 212 500 ea
232 459 334 498 instituio
353 455 414 497 iecit.
434 455 462 501 Q.
483 455 565 496 Fabius
584 458 702 509 proconsui
722 458 790 498 rebus
810 459 831 497 in
851 457 958 510 iiispaoia
977 467 1079 550 prospere
1105 458 1150 496 estu
1181 457 1183 508 i

185 512 256 553 iabem
276 511 382 562 imposuit
399 521 455 562 pace
474 521 522 550 cnm
543 509 642 550 Viriatho
661 512 740 562 aequis
759 511 926 552 condicionibus
941 510 1005 551 iacta.
1046 511 1092 551 iriat
1108 519 1151 548 osa

184 565 338 619 proditoribus
355 563 449 605 consilio
468 563 562 605 Serriiii
582 565 701 616 Caepionis
721 565 852 606 interiectus
866 569 911 614 eat,
934 570 956 605 et
969 565 998 606 ab
1012 564 1105 605 exercitu
1117 572 1151 602 oro

184 619 277 661 muitum
292 618 441 670 comploratus
455 629 481 657 ac
496 618 601 658 oobiiiter
615 617 725 670 sepultos,
742 621 776 660 vir
790 618 882 671 duxque
896 628 995 670 magnus,
1010 621 1033 658 ei
1046 627 1084 671 per
1100 618 1150 668 quet

184 673 307 714 toordecirn
322 681 400 720 annos,
416 671 497 724 quihus
512 683 561 713 cunr
576 671 681 713 Romanis
696 673 779 714 beiiurn
794 673 872 724 gessit,
887 672 1027 725 frequentius
1039 672 1141 720 superior.
1182 711 1183 726 ζ

237 725 283 768 ΙΝ.
299 725 323 768 Ρ.
340 725 443 767 Cornelio
457 725 545 776 Nasica,
562 727 597 766 cui
611 737 731 778 cognomen
742 726 836 779 Serapio
850 726 892 767 tuit
906 728 934 766 ab
950 725 1055 767 irridente
1067 724 1152 768 curiatio
1181 773 1183 780 Α

183 782 272 822 triiruno
286 779 359 831 piebis
374 781 508 832 impositum,
524 783 546 821 et
560 779 589 820 ii.
601 780 662 822 iunio
674 779 743 821 Bruto
757 779 889 822 conanithue
903 780 1010 821 diiectum
1023 777 1151 824 habentibus,
1182 781 1183 834 ᾗ

184 837 206 875 in
227 835 347 886 conspectu
367 833 462 873 tironum
483 842 520 873 rea
538 834 678 875 saiuherrimi
698 834 795 886 exempli
812 833 871 874 iacta
885 836 931 874 erte
953 845 1003 874 nam
1017 833 1043 874 c.
1057 833 1153 874 Matienus
1182 841 1183 884 p

183 891 301 929 accusatus
314 890 351 927 est
363 886 424 940 apud
438 886 638 941 tribunusplebis,
654 887 714 940 quod
728 888 850 928 exercitum
864 889 886 928 tn
899 886 1009 941 iiispania
1024 885 1153 932 deseruisset,
1182 921 1183 934 ,

184 943 346 993 damnatusque
366 939 408 982 soh
429 940 490 981 turca
508 940 546 981 diu
565 942 634 994 virgis
652 951 732 982 caesus
752 944 799 990 cst.
826 945 849 982 et
867 943 970 982 sestertio
986 951 1075 982 nummu
1088 937 1152 979 veniit.

183 995 267 1036 tribuni
282 993 355 1046 piebis
369 995 479 1046 quianon
495 995 644 1048 impetrarent,
660 996 742 1036 nisibi
757 994 834 1049 denos,
851 1004 908 1047 qnos
923 994 1016 1044 velient,
1031 994 1110 1035 milites
1123 1001 1153 1031 cx·

184 1051 252 1091 imere
267 1047 357 1098 liceret,
377 1047 481 1089 conauies
500 1050 521 1089 io
537 1059 647 1090 carcerem
662 1049 713 1090 duci
727 1051 847 1090 iusserunt.
868 1049 943 1090 ionius
957 1049 1042 1089 Brutos
1056 1045 1126 1088 ooosoi
1136 1045 1154 1083 in

184 1104 291 1156 iiiapania
305 1104 346 1151 iis,
366 1103 405 1155 qui
417 1103 459 1143 sub
473 1101 574 1143 Viriatho
594 1103 754 1152 militaverant,
775 1112 840 1155 egros
854 1104 878 1142 et
894 1102 1001 1156 oppidum
1016 1101 1090 1151 dedit,
1106 1095 1155 1150 quud

184 1158 288 1199 Valentia
303 1159 405 1197 vocaturn
420 1159 462 1198 eat.
477 1157 508 1198 Μ.
524 1156 635 1209 Popillius
649 1170 662 1198 a
675 1157 827 1206 Numantinis,
842 1167 892 1197 cum
906 1157 989 1208 quibus
999 1167 1078 1210 paoem
1087 1153 1154 1194 iacun

183 1213 276 1254 senatus
290 1213 371 1252 irritam
386 1210 432 1252 fieri
448 1214 575 1260 censuerat,
591 1222 640 1252 cum
654 1212 753 1252 exercitu
768 1211 831 1251 iusus
844 1208 980 1264 fugatusque
995 1213 1040 1250 est.
1056 1209 1081 1252 G.
1094 1205 1153 1248 iicsti·

184 1267 215 1308 iio
229 1264 332 1306 Mancino
352 1264 444 1306 consuis
463 1264 599 1307 sscridcsnte
618 1263 675 1317 puiii
694 1276 722 1305 cx
743 1275 812 1305 cavea
831 1265 990 1312 evoiareront3
1009 1259 1155 1306 conscendenti

185 1319 266 1361 deinde
280 1318 359 1367 navim,
374 1320 399 1358 ut
410 1319 431 1358 in
441 1317 571 1370 Hispaniam
582 1319 765 1371 proficisceretur,
780 1318 863 1359 accidit
875 1329 918 1360 vox
933 1327 1023 1368 „maue‚
1038 1317 1153 1358 hannon:
1181 1321 1183 1380 1

185 1385 241 1426 quae
256 1373 355 1425 auspicia
370 1373 444 1414 tristia
459 1371 529 1414 tuisse
543 1377 626 1414 eventu
641 1373 756 1425 probatum
772 1375 815 1414 est.
837 1373 911 1413 rictas
924 1373 983 1413 enim
997 1381 1012 1411 a
1027 1367 1155 1412 Numantinis
1181 1401 1183 1450 4

185 1431 208 1468 et
221 1428 301 1468 castris
315 1427 410 1474 exutus,
430 1437 479 1466 cunr
493 1436 547 1478 spes
560 1425 622 1467 uuila
637 1425 740 1470 servandi
755 1428 869 1468 exercitus
883 1428 956 1476 esset,
976 1435 1055 1478 pacem
1074 1435 1119 1465 cum
1130 1421 1156 1461 eir

184 1480 238 1522 tecit
252 1479 430 1530 ignominiosam,
447 1490 513 1531 quarn
527 1483 597 1522 rotam
611 1491 662 1522 essa
676 1483 767 1522 senatus
781 1481 861 1521 vetuti.
877 1481 968 1532 triginta
983 1479 1047 1520 miiia
1060 1478 1156 1521 Romanu·

185 1544 232 1576 rum
251 1544 264 1573 a
283 1532 466 1574 Numantinorum
483 1533 574 1576 milibus
592 1538 697 1586 quattuor
717 1534 777 1574 ricta
791 1536 861 1574 erant.
887 1533 916 1574 ii.
936 1534 1013 1576 iunius
1034 1531 1157 1574 Lusitaniam

185 1588 274 1640 .riginta
292 1587 377 1628 urbium
398 1589 600 1640 expugnationibus
618 1598 689 1640 usque
703 1587 732 1627 sd
746 1597 847 1629 occasum
862 1588 886 1627 et
900 1587 1015 1629 Oceanum
1030 1585 1156 1639 perdomiti

185 1646 270 1684 etcum
286 1640 375 1682 durium
390 1640 530 1683 Obiirionem
546 1644 641 1684 transire
660 1641 757 1691 nuiieni,
779 1652 816 1682 ere
833 1645 880 1682 tum
894 1641 1002 1694 signifero
1016 1641 1104 1692 siguum
1117 1641 1157 1690 ipss

184 1694 308 1744 transtulit,
323 1697 345 1734 et
359 1697 391 1736 sic
407 1699 430 1736 ot
444 1699 506 1737 trans
522 1695 650 1737 roderentur
665 1697 784 1748 persuasit.
800 1654 922 1736 AYexandri
938 1694 1010 1743 iiiios}
1025 1705 1069 1736 rex
1082 1693 1157 1746 Syriae,

187 1749 263 1791 decem
282 1759 354 1790 anuos
373 1748 490 1790 admodum
507 1709 606 1799 {absum
626 1749 763 1799 aDiodoto,
784 1749 823 1800 qui
837 1747 941 1802 Tryphon
963 1749 1156 1800 cognominabatur.

184 1807 257 1845 tutore
271 1813 323 1851 sou,
344 1814 384 1855 per
398 1803 497 1844 fraudem
512 1805 599 1846 occisus
613 1806 648 1844 est
662 1805 772 1855 corruptis
791 1803 895 1852 medicis,
916 1803 954 1855 qui
969 1813 1019 1844 eum
1033 1801 1114 1843 calculi
1127 1798 1157 1838 de.

185 1858 232 1899 iore
247 1859 346 1898 consumi
360 1856 389 1897 ad
404 1857 510 1911 popoium
525 1859 619 1906 mentiti,
635 1856 686 1898 dum
700 1859 784 1906 secant,
800 1855 936 1897 occiderunt.

238 1909 291 1953 LVi.
307 1909 336 1950 D.
352 1911 428 1952 iunius
442 1913 525 1953 Brutus
539 1913 561 1951 in
576 1909 683 1963 Hispania
697 1910 803 1951 ulteriore
817 1910 913 1951 ieiiciter
926 1909 1035 1952 adversos
1051 1909 1157 1952 Gaiiaeroa

184 1966 299 2019 pugnavit.
326 1963 429 2006 dissimiii
449 1968 529 2006 eventu
548 1966 580 2007 Μ.
599 1964 707 2007 Aemilius
725 1963 824 2018 Lepidus
843 1964 964 2016 proconsul
984 1963 1096 2006 adversus
1113 1961 1156 2002 Vae·

185 2030 251 2060 cseos
264 2028 310 2058 rem
324 2019 407 2068 gessit,
426 2017 557 2072 clademque
576 2017 669 2060 simiiem
684 2018 831 2059 Numantinae
845 2028 927 2071 paasua
941 2019 984 2060 est.
1005 2016 1034 2058 ad
1049 2016 1156 2060 exsoireo·

184 2073 236 2112 dum
250 2071 381 2111 Numantini
396 2071 492 2114 ioederis
507 2074 614 2125 reiigione
629 2070 735 2126 populum
750 2071 879 2122 Mantiane,
899 2083 949 2114 conr
964 2071 1032 2113 iruius
1044 2073 1079 2112 roi
1092 2072 1158 2111 auctor

185 2126 273 2173 inisset,
285 2123 375 2166 deditus
385 2125 528 2168 Numantinis
543 2138 585 2166 non
602 2129 637 2168 est
651 2127 762 2179 receptus.
776 2126 872 2168 instrum
886 2137 900 2165 a
914 2126 1045 2168 censoribus
1055 2125 1158 2166 conditum

184 2181 230 2220 est:
246 2187 313 2218 censs
327 2181 380 2219 sunt
394 2179 474 2220 civium
489 2181 563 2231 capita
577 2182 677 2221 trecenta
691 2179 850 2232 septemdecim
864 2178 932 2230 milia,
948 2181 1062 2231 nongenta
1077 2178 1158 2230 triginta

185 2233 235 2272 tria.
250 2231 342 2271 Fulvius
353 2231 445 2274 Fiaccus
460 2234 537 2275 consui
549 2233 660 2276 Vardaeos
675 2235 696 2274 in
712 2233 800 2286 iiiyrico
812 2235 909 2286 subegit.
924 2235 956 2276 Μ.
968 2234 1094 2277 Cosconius
1104 2241 1158 2285 pras

186 2288 220 2326 tor
234 2285 255 2323 in
271 2282 363 2324 Thracia
377 2295 426 2326 eum
440 2285 565 2328 Scordiscis
585 2298 691 2341 prospere
726 2288 824 2340 ugnavit.
845 2299 894 2329 cum
909 2287 992 2328 beiiunr
1008 2287 1159 2328 Numantinum

186 2338 240 2379 sitio
259 2336 339 2378 ducum
358 2349 402 2380 non
420 2342 468 2381 sine
488 2340 572 2393 pudore
590 2342 680 2394 pubiico
717 2345 803 2392 oraret,
823 2340 913 2382 delatus
931 2344 967 2382 est
987 2340 1046 2382 uitro
1066 2337 1159 2393 Scipioni

184 2393 288 2434 Africano
303 2402 316 2431 a
330 2397 409 2434 senatu
423 2396 553 2448 populoque
566 2394 665 2436 Romano
680 2394 821 2444 consulatum
841 2405 908 2448 quern
927 2406 976 2436 com
994 2393 1029 2435 iiii
1043 2405 1122 2447 capere
1135 2391 1158 2432 ob

184 2446 268 2499 legem,
287 2456 344 2498 quse
366 2449 455 2488 vetabat
474 2459 606 2501 quemqnam
625 2449 703 2490 iterum
724 2449 838 2491 consuienr
853 2448 913 2499 deri,
937 2459 980 2489 non
996 2447 1086 2499 liceret,
1108 2446 1160 2489 sicui
1182 2451 1183 2484 i

184 2501 254 2553 priori
269 2499 398 2551 consulatu,
419 2501 506 2555 iegibus
520 2503 607 2546 solutos
622 2506 664 2545 est.
691 2503 775 2544 beiium
790 2501 872 2544 servile
887 2503 910 2543 in
923 2502 1003 2544 Sicilia
1017 2506 1102 2552 orturu,
1116 2511 1159 2540 eurr

184 2554 280 2607 opprimi
294 2566 307 2594 a
321 2557 461 2607 praetoribus
476 2568 519 2597 non
534 2558 652 2611 potuisset,
668 2558 693 2599 c.
704 2557 781 2598 Fulvio
796 2556 882 2599 coosoii
898 2555 1025 2597 mandatum
1041 2560 1084 2598 cst.
1099 2554 1159 2595 bninr

184 2608 238 2650 beili
259 2608 346 2649 initium
366 2609 409 2651 rure
426 2610 504 2654 Eunus
524 2622 614 2660 servus,
635 2611 723 2651 natione
742 2610 825 2663 Syrum
849 2609 888 2662 qui
907 2611 1023 2652 contracta
1047 2611 1159 2663 agrestiun

184 2673 300 2704 servornm
314 2673 379 2704 msnu
394 2665 416 2704 et
430 2664 511 2707 solutis
526 2662 646 2716 ergastulis
657 2666 710 2707 iusti
720 2666 833 2706 exercitus
843 2675 957 2705 numerum
967 2663 1078 2716 implevit.
1092 2662 1160 2704 Gieoo
1181 2665 1183 2710 ᾗ

184 2727 286 2769 quoque,
306 2717 365 2758 aiter
383 2728 473 2767 servus,
494 2717 523 2758 ad
540 2719 682 2770 septuaginta
701 2719 762 2760 mina
781 2729 896 2761 servorum
910 2719 1037 2768 contraxit3
1057 2720 1080 2759 ct
1093 2716 1159 2770 copiis
1181 2715 1183 2758 ἒ

184 2772 266 2813 iunctis
280 2770 388 2821 adversos
403 2784 430 2825 po
449 2771 479 2812 uii
494 2771 589 2813 Romani
603 2773 725 2813 exercitum
739 2772 823 2813 heiium
838 2783 909 2825 saepe
920 2774 1046 2824 gesserunt.

196 2878 201 2888 Ι
237 2824 302 2865 nvn.
322 2824 398 2877 Scipio
412 2784 530 2866 afuimus
543 2825 685 2892 Numantiam
699 2825 800 2876 obsedIt,
816 2829 839 2867 et
853 2829 981 2880 corruptum
996 2825 1087 2867 licentia
1100 2825 1157 2865 iuxu-
1182 2829 1183 2840 ²

183 2879 442 2972 ihtittinitieii
454 2877 1159 2984 :titheussirit.distrinxerit..sithi:

184 2983 286 3036 quotidie
304 2985 326 3023 in
345 2995 412 3036 opere
430 2984 520 3037 hahuit,
543 2991 565 3028 et
579 2987 670 3040 triginta
684 2989 768 3029 dierum
783 2988 915 3030 trumentum
930 2987 959 3027 ad
973 2990 1080 3039 septenos
1093 2985 1159 3026 ralios

184 3039 242 3077 ierre
257 3038 357 3088 cogebat.
371 3050 436 3090 segre
450 3045 541 3093 propter
555 3053 611 3083 onus
625 3043 738 3083 incedenti
754 3041 854 3092 dicebat,
868 3053 937 3092 „cum
954 3041 1029 3092 gisdio
1044 3046 1067 3082 te
1081 3039 1160 3080 raiiare

184 3090 272 3139 scieris,
295 3091 378 3132 vaiium
399 3093 456 3134 serre
475 3094 601 3136 desiniio.“
615 3096 653 3136 aiii
668 3101 755 3138 scutum
769 3107 846 3149 parnm
861 3095 968 3136 habiliter
982 3095 1064 3136 serenti
1078 3095 1160 3136 scotum

116 3155 121 3164 ·
182 3144 279 3197 amplius
293 3145 352 3186 insto
368 3146 425 3187 terre
440 3147 516 3191 inseite
537 3160 609 3201 neque
624 3149 647 3190 id
661 3163 686 3192 se
699 3149 873 3203 reprehendere,
893 3149 981 3203 quando
1002 3150 1084 3191 meiius
1101 3149 1160 3190 scuto

184 3210 249 3252 quam
264 3198 338 3251 giedio
352 3203 459 3242 uteretur.
476 3213 541 3254 quem
556 3204 647 3245 miiitem
662 3205 726 3251 ostra
741 3203 841 3245 ordinem
853 3203 1006 3257 deprehendit,
1023 3205 1042 3246 si
1054 3203 1160 3244 Romanus
1182 3196 1183 3240 T

181 3254 253 3304 esset,
269 3254 360 3303 vitibus,
375 3256 394 3296 si
410 3257 536 3307 extraneos,
552 3257 648 3300 tustinus
663 3257 750 3299 cecidit.
766 3260 864 3299 iumenta
878 3258 959 3308 omnia,
975 3269 1004 3298 ne
1019 3255 1161 3298 exonerarent

184 3306 287 3357 miiitem,
311 3306 420 3348 vendidit.
445 3321 512 3363 saepe
531 3311 639 3353 adversus
658 3314 787 3364 eruptiones
807 3312 904 3354 bostium
930 3311 1026 3352 ieiiciter
1050 3310 1160 3366 pugnavit.

182 3355 277 3400 Vaccaei
293 3361 393 3412 obsessi,
409 3361 486 3405 liberis
501 3365 674 3417 coniugibusque
692 3366 815 3416 trucidatis,
830 3367 874 3419 ipsi
889 3377 914 3407 se
929 3367 1097 3408 interemerunt.
1115 3362 1160 3404 Sci·

180 3413 221 3460 pio
235 3413 371 3465 amplissima
385 3426 475 3456 monera
489 3419 555 3459 missa
570 3419 613 3460 sibi
627 3419 654 3457 ab
669 3417 778 3460 Antiocho
792 3429 844 3470 rege
857 3417 943 3470 Syriae,
959 3431 1009 3460 curn
1023 3418 1096 3460 ceiare
1112 3415 1163 3457 aliia

182 3463 353 3516 imperatoribus
370 3479 445 3528 regum
460 3482 550 3512 munera
569 3483 615 3512 mos
629 3474 700 3521 esset,
720 3482 759 3524 pro
780 3472 886 3513 tribunali
906 3475 1050 3527 accepturum
1069 3484 1094 3516 se
1114 3477 1163 3511 esse
