2364 3862
163 176 227 242 aab
327 171 666 237 nunnmnvscnr.
682 178 784 233 maa.
807 177 844 244 [a.
858 175 1008 243 uasan

164 329 283 389 eitntem
305 341 393 386 suam
414 322 581 384 continuata
607 337 665 382 nos
686 319 900 382 castrensibus
921 319 1062 382 consitiis
1082 337 1148 382 con·

164 417 265 471 tentos
281 411 399 469 futuros
415 422 486 466 esse
501 406 608 466 sciat.“
630 405 743 466 abbae
759 405 913 479 contione,
929 404 1056 478 Latinis,
1075 421 1148 482 quae

164 493 263 571 pridie
276 492 343 552 Kai.
358 489 482 566 Apriles
499 491 628 564 inerunt,
644 488 674 549 in
689 496 793 550 monte
809 488 965 550 sacrificio
976 490 1033 550 rite
1046 505 1149 564 perpe·

165 584 242 638 trato
265 576 403 652 protinus
426 573 496 633 inde
518 579 549 633 et
568 574 678 634 consul
700 580 730 634 et
751 581 877 649 praetor
893 572 947 631 cn.
965 571 1148 634 Octaviusin

165 657 376 721 Macedoniam
393 657 522 732 proiecti
536 665 616 718 sunt.
639 657 784 718 traditum
799 664 848 718 est
860 657 1032 717 memoriae
1043 658 1148 716 maiore

166 760 257 820 quarn
274 741 365 804 solitu
380 741 552 816 frequentia
566 742 820 816 prosequentium
842 740 1004 802 consulem
1021 741 1148 800 celebra·

164 835 246 901 tum,
270 841 307 887 ae
334 840 431 900 prope
452 831 537 885 certa
556 840 614 900 spe
637 823 790 886 ominatos
811 839 885 885 esse
906 824 1050 884 homines
1065 824 1147 884 tinen

166 925 238 970 esse
252 908 453 969 Macedonico
469 907 549 968 bello
568 913 783 984 maturumque
797 908 930 968 reditum
945 924 1017 967 eum
1032 908 1147 982 egregio

166 992 318 1068 triumpho
335 990 472 1052 consulis
488 992 562 1052 iore.

248 1075 353 1135 XXlli.
377 1077 456 1135 Dum
470 1075 547 1134 haee
565 1075 594 1135 in
616 1076 701 1136 Italia
721 1082 887 1149 geruntur,
913 1075 1051 1136 Perseus
1073 1074 1147 1149 quod

166 1161 226 1221 iarn
240 1159 414 1220 inchoatum
426 1159 583 1235 perticere,
606 1161 678 1234 quia
690 1159 833 1233 impensa
845 1159 1000 1234 pecuniae
1017 1157 1147 1218 iacienda

166 1250 245 1318 erat,
266 1260 327 1304 non
349 1242 515 1303 inducebat
533 1243 564 1302 in
585 1242 733 1312 animum,
761 1250 794 1304 ut
820 1242 961 1302 Gentium
985 1243 1146 1319 illyriorum

165 1343 270 1402 regem
291 1327 349 1387 sibi
370 1327 563 1400 adiungeret,
589 1327 664 1399 hoc,
692 1333 856 1401 postquam
884 1327 1022 1387 intrasse
1048 1328 1146 1386 saltum

166 1411 323 1470 Romanos
339 1417 369 1470 et
382 1410 496 1470 adesse
511 1409 676 1470 discrimen
691 1411 829 1471 ultimum
842 1409 915 1470 belii
933 1409 1146 1481 animadvertit

135 1539 138 1546 .
166 1509 229 1552 non
250 1496 328 1553 ultra
345 1491 550 1553 differendum
564 1502 665 1568 ratus,
688 1509 757 1554 cum
780 1509 836 1569 per
856 1493 1004 1570 Hippiam
1026 1495 1148 1569 legatum

166 1584 301 1637 trecenta
321 1577 437 1650 argenti
460 1577 572 1637 talenta
586 1587 696 1653 paetus
712 1585 810 1651 esset,
831 1578 872 1639 ita
885 1585 920 1639 ut
934 1579 1065 1639 obsides
1080 1579 1147 1637 uitro

168 1661 307 1736 citroque
322 1661 475 1734 darentur,
497 1660 705 1722 Pantauchum
719 1662 802 1722 misit
816 1677 856 1721 ex
872 1661 1036 1722 fidissimis
1053 1661 1147 1721 amicis

168 1745 207 1804 ad
225 1759 263 1804 ea
277 1744 473 1820 perficienda.
499 1744 641 1806 Meteone
655 1745 830 1807 Labeatidis
845 1753 946 1805 terrae
960 1745 1146 1806 Pantauchus

167 1827 233 1902 regi
247 1829 350 1906 tityrio
366 1829 512 1889 occurrit:
527 1828 569 1888 ibi
584 1837 614 1890 et
628 1829 840 1890 iusiurandum
851 1830 890 1889 ab
903 1846 979 1905 rege
990 1839 1021 1891 et
1032 1829 1146 1890 obsides

168 1911 296 1986 aceepit.
332 1911 445 1972 missus
461 1919 492 1972 et
505 1929 524 1972 a
539 1908 646 1975 Gentio
662 1922 710 1975 est
728 1915 848 1988 legatus
864 1915 990 1974 nomine
1006 1913 1146 1992 Olympia,

171 1995 221 2068 qui
229 1995 436 2054 iusiurandum
451 1994 593 2057 aPerseo
606 1997 797 2072 obsidesque
805 1996 953 2072 exigeret.
970 1997 1146 2058 cumeodem

168 2078 205 2135 ad
234 2077 394 2150 pecuniam
420 2079 631 2153 accipiendam
651 2080 739 2142 missi
764 2087 851 2152 sunu
879 2088 910 2141 et
935 2091 1063 2143 auctore
1081 2081 1146 2140 Pan-

169 2159 293 2232 taucho,
317 2161 368 2234 qui
384 2159 524 2220 Rhodum
541 2164 631 2236 iegati
645 2181 716 2225 enm
730 2164 955 2226 Macedonibus
971 2166 1065 2240 irent,
1085 2165 1146 2224 Par-

168 2241 268 2300 menio
284 2249 314 2302 et
327 2241 452 2303 Morcus
470 2244 670 2307 destinantur.
710 2249 823 2324 quibus
845 2249 887 2310 ita
908 2250 1101 2320 mandatum,
1120 2253 1148 2306 ut

168 2323 361 2386 iureiurando
378 2326 601 2404 obsidibusque
616 2338 647 2392 et
659 2333 789 2407 pecunia
800 2341 939 2408 acceptu,
956 2340 1020 2394 tum
1036 2334 1146 2394 demum

168 2405 310 2467 Rhodum
325 2409 604 2483 proficiscerentur.
641 2416 772 2477 duorum
794 2417 885 2477 simui
907 2433 1018 2493 regum
1035 2415 1146 2476 nomine

167 2487 285 2550 incitari
301 2491 440 2554 Rhodios
456 2496 496 2554 ad
517 2496 630 2557 bellum
650 2500 821 2560 Romanum
838 2516 944 2574 posse.
984 2501 1146 2560 adiunctam

168 2572 327 2650 civitatem,
345 2592 440 2650 penes
458 2595 548 2652 quam
564 2597 655 2641 unam
670 2590 733 2643 tum
747 2582 793 2641 rei
814 2585 934 2644 navalis
949 2585 1050 2658 gioria
1064 2588 1145 2650 esset,

167 2669 224 2712 nec
238 2663 320 2717 terra
334 2675 391 2718 nec
405 2661 482 2720 mari
494 2679 581 2738 spem
595 2666 768 2726 relicturam
780 2666 941 2728 Romanis.
962 2664 1144 2727 venientibus

167 2736 278 2831 illyriis
305 2741 436 2803 Perseus
463 2746 501 2804 ab
525 2746 645 2821 Enipeo
671 2749 752 2809 amni
778 2766 817 2810 ex
846 2752 957 2811 eastris
985 2766 1054 2811 cum
1076 2744 1144 2810 omni

167 2824 305 2889 equitatu
320 2826 477 2897 proiectus
495 2827 534 2886 ad
548 2830 638 2890 Dium
655 2833 795 2893 occurrit.
831 2832 874 2894 ibi
892 2849 931 2894 ea
947 2851 1030 2909 quae
1045 2845 1143 2895 conve·

168 2909 279 2960 nerunt
299 2906 483 2967 circumfuso
506 2913 627 2985 agmine
652 2918 789 2992 equitum
816 2918 912 2990 iacta,
937 2934 1019 2994 quos
1045 2918 1143 2977 adesse

167 2979 285 3042 ioederi
305 2989 441 3047 sancitae
463 3005 534 3052 eum
553 2997 661 3060 Gentio
684 2998 841 3061 societatis
862 3002 990 3062 volebat
1009 3017 1079 3073 rex,
1100 2995 1142 3056 aii·

167 3071 314 3134 quantum
340 3085 408 3128 eam
432 3087 498 3132 rem
524 3086 611 3141 ratus
636 3082 806 3145 animorum
831 3084 869 3144 iis
891 3084 1089 3146 adiecturam.
1120 3086 1143 3138 et

166 3143 293 3208 obsides
308 3149 337 3208 in
354 3163 523 3250 conspeetu
538 3165 671 3227 omnium
689 3169 751 3229 dati
767 3167 969 3243 acceptique3
996 3176 1025 3228 et
1044 3165 1142 3226 Pelian

165 3226 205 3284 ad
222 3226 382 3328 thesauros
397 3250 501 3309 regios
518 3246 622 3310 missis
638 3253 691 3327 qui
706 3251 867 3327 pecuniam
886 3253 1078 3328 acciperent,
1099 3243 1142 3322 qui

166 3307 307 3407 Rhodum
323 3326 401 3414 trent
415 3333 484 3413 cum
497 3323 610 3404 itiyriis
625 3335 734 3410 legatis
748 3336 992 3396 Thessalonicae
1006 3345 1140 3396 conscen-

164 3389 238 3448 dere
263 3411 350 3456 mssr.
386 3400 426 3458 ibt
450 3401 648 3476 Metrodorus
676 3427 755 3491 erat,
784 3419 836 3494 qui
858 3435 960 3494 nuper
985 3419 1025 3479 ab
1043 3413 1138 3477 Rhodo
