2364 3862
208 179 315 243 LIBER
328 179 416 242 xLll.
440 181 522 241 cAP.
540 190 638 246 sats
661 181 741 260 [nc.
755 187 817 263 ιιι]
934 184 998 251 loti

24 335 25 340 ’
60 335 224 414 glanarentur
246 351 333 411 quam
361 334 491 409 decepto
517 349 573 408 per
593 333 728 395 indutias
748 343 779 396 et
799 350 889 410 spem
908 339 996 413 pacis

24 475 25 478 ,
58 437 120 496 rege.
138 419 205 481 adeo
220 418 296 479 enim
308 418 505 494 apparatibus
520 418 591 478 belli
603 418 701 478 tuisse
711 418 902 494 instructum,
917 421 994 496 ipsis

57 507 119 564 nula
134 510 229 578 parata
246 518 294 578 rc,
319 509 351 562 ut
374 501 476 563 omnia
496 507 670 577 opportuna
688 503 758 562 loca
774 506 995 580 praeoccupari

58 595 108 648 ante
119 587 152 647 ab
164 601 198 646 eo
212 587 370 662 potuerint,
392 601 483 661 quam
497 587 652 646 exercitus
667 586 697 644 in
714 585 871 648 Graeciam
886 588 995 650 traice·

57 679 124 730 retur.
142 670 234 745 spatio
255 677 354 730 autent
375 667 559 730 indutiarum
574 677 696 744 sumpto
713 684 820 730 secum
833 677 995 732 venturum

24 787 26 822 ;
57 753 209 814 lluunihilo
223 751 445 829 paratiorem,
440 753 598 814 Romanos
619 751 762 814 omnibus
783 753 995 816 instructiores

24 829 26 916 ἶ
56 839 122 898 rebus
135 844 289 914 coepturos
303 838 427 898 bellum.
448 835 635 898 Boeotorum
648 853 774 911 quoque
785 852 821 898 se
833 837 994 900 concilium

23 923 26 972 t
56 928 99 980 arte
110 922 291 998 distraxisse,
314 936 353 981 ne
368 919 513 995 coniungi
534 919 665 996 amplius
680 921 742 980 ullo
758 935 915 984 consensu
929 921 993 984 Ma·

23 1005 25 1114 Ι
56 1005 188 1066 redonibus
208 1013 347 1083 possent
375 1004 453 1066 hacc
471 1012 522 1066 ut·
528 1019 647 1066 summa
667 1003 785 1066 ratione
800 1011 868 1066 acta
882 1021 994 1080 magna

23 1103 105 1160 pars
117 1097 229 1150 senatus
244 1088 452 1187 approbabat
467 1095 590 1153 veteres
604 1095 635 1148 et
645 1088 739 1149 moris
751 1085 867 1164 antiqui
878 1104 993 1150 memo·

23 1181 25 1246 t
53 1187 88 1231 res
98 1173 233 1248 negabant
246 1189 281 1234 se
297 1174 327 1233 in
340 1187 377 1234 ea
388 1170 542 1247 legatione
550 1171 709 1232 Romanas
720 1185 890 1246 agnoscere
901 1178 993 1234 artes.

23 1259 25 1320 l
53 1270 95 1349 non
105 1272 151 1330 per
160 1257 285 1318 insidias
297 1264 327 1316 et
338 1262 488 1316 nocturna
498 1254 625 1331 proelia,
639 1270 696 1314 nec
709 1254 880 1316 simulatam
891 1255 994 1329 hagam

52 1337 261 1418 inprovisosque
281 1341 322 1399 ad
343 1339 497 1400 incautum
512 1338 633 1400 bostem
647 1337 783 1412 reditus,
806 1352 864 1398 nec
878 1346 912 1399 ut
925 1345 994 1402 astu

51 1423 122 1496 nagia
134 1441 218 1498 quam
232 1439 307 1484 vera
322 1423 430 1486 virtute
444 1421 661 1498 gloriarentur,
682 1421 763 1482 bella
776 1419 909 1483 maiores
924 1437 994 1497 ges·

52 1504 121 1565 sisse=
145 1509 274 1569 indicere
295 1508 382 1583 prius
403 1523 495 1582 quam
509 1521 618 1581 gerere
632 1506 740 1566 solitos
754 1505 850 1579 bella,
876 1506 992 1568 denun-

51 1589 105 1648 tiare
121 1592 202 1652 etiam
222 1591 375 1653 interdum
396 1590 429 1628 **
450 1589 538 1650 finire
558 1591 588 1651 in
611 1607 673 1665 quo
694 1588 863 1650 dimicaturi
877 1597 991 1652 essent.

23 1683 25 1736 l
52 1672 130 1732 aden
142 1675 199 1736 tide
212 1676 378 1736 indicatum
392 1673 511 1752 Pyrrho
525 1675 591 1749 regi
605 1673 756 1734 medicum
771 1672 852 1734 vitae
867 1672 934 1734 eius
948 1671 993 1734 in·

50 1752 190 1829 sidiantem;
214 1760 324 1820 eadem
343 1756 473 1818 Faliscis
494 1757 628 1817 vinctum
648 1754 790 1816 uaditum
805 1755 994 1830 proditorem

50 1837 180 1902 iberorum
193 1842 285 1918 regis.
305 1841 383 1901 haec
397 1843 537 1901 Romana
549 1855 630 1914 esse,
646 1856 707 1901 non
722 1839 926 1899 versutiarum
936 1837 993 1898 Pu-

49 1920 153 1985 sitarum
174 1941 276 2003 neque
302 1924 474 1989 calliditatis
498 1925 649 1996 Graecae,
675 1923 759 1998 apud
785 1937 865 1998 quos
889 1922 995 1982 tallere

49 2001 138 2068 hostem
156 2025 244 2085 quam
264 2008 297 2069 vi
318 2023 467 2084 superare
485 2004 649 2083 gloriosius
670 2006 769 2066 tuerit.
798 2004 948 2066 interdum
963 2003 994 2064 in

49 2101 165 2159 praesens
180 2102 302 2169 tempus
317 2092 387 2167 plus
402 2091 510 2166 profici
526 2090 597 2151 dolo
613 2106 704 2164 quam
718 2090 842 2150 virtutes
859 2088 915 2150 sed
927 2087 993 2150 eius

22 2217 23 2254 ,
49 2169 139 2234 denum
162 2179 295 2238 animum
319 2175 553 2250 inperpetuum
573 2172 664 2249 vinci,
691 2173 740 2234 cni
763 2173 918 2235 confessio
940 2187 993 2234 ex-

22 2261 24 2318 }
49 2267 131 2326 pressa
143 2261 180 2321 sit
193 2277 227 2322 se
241 2275 346 2334 neque
360 2263 425 2318 arte
440 2273 542 2333 neque
557 2273 641 2330 casu,
664 2257 854 2322 sed.collatis
870 2257 993 2318 commi-

22 2339 67 2528 Ι
48 2341 218 2419 resinous,
238 2345 321 2404 iusto
337 2357 385 2402 ac·
396 2342 447 2417 pio
461 2341 543 2402 bello
559 2357 630 2402 esse
645 2349 831 2417 superatum.
852 2341 929 2402 haec
944 2356 993 2400 se-

48 2421 137 2499 niores,
157 2429 266 2503 quibus
287 2442 369 2488 nova
389 2423 547 2486 caminus
568 2426 709 2500 placebat
729 2424 894 2499 sapientia·
921 2423 995 2483 vicit

22 2505 670 2692 tlitithtssttttttltltlttltlt
683 2507 995 2663 htltlttttttt

22 2671 156 2735 fursus
148 2695 176 2736 m
203 2679 363 2740 Graeciam
394 2692 462 2736 cum
489 2673 759 2752 quinqueremibus
784 2670 992 2744 remitteretur,

22 2769 23 2778 ¹
47 2751 229 2838 iubereturque
245 2768 357 2835 cetera,
371 2760 414 2822 uti
429 2777 446 2821 e
461 2775 495 2820 re
511 2758 633 2834 publica
647 2755 778 2816 maxime
788 2753 888 2814 visum
900 2761 993 2828 asset,

47 2849 121 2910 agere
140 2846 175 2904 A.
192 2860 318 2921 quoque
331 2842 455 2906 Atilium
470 2842 618 2904 miserunt
633 2841 672 2901 ad
688 2839 900 2916 occupandam
909 2837 992 2900 Lari-

22 2949 23 2956 *
48 2934 94 2982 tam
104 2926 130 2986 in
142 2927 299 2990 Thessalia
312 2928 462 3001 timentes,
482 2942 531 3000 ne,
546 2943 573 2986 sr
565 2924 770 2985 indutiarum
786 2922 852 2983 dies
868 2921 993 2998 exisset,

47 2998 147 3070 Perseus
162 3013 317 3087 praesidio
332 3027 370 3072 eo
385 3013 482 3072 misso
498 3015 591 3086 caput
603 3007 802 3070 Thessaliae
794 3025 825 3066 ιιι
840 3013 993 3082 potestate

47 3081 152 3154 haberet.
170 3097 231 3157 duo
245 3095 329 3156 milla
340 3094 477 3171 peditum
487 3092 598 3155 Atilius
609 3093 648 3152 ab
661 3092 712 3152 Gn.
726 3091 839 3152 Srcrmo
851 3091 993 3168 accipere

47 3169 73 3228 td
84 3189 140 3236 eam
152 3195 214 3239 rem
225 3179 395 3256 agendam
387 3194 502 3239 iussus
522 3177 595 3238 etP.
606 3175 743 3247 Lentulo,
761 3193 813 3251 qur
825 3189 864 3236 ex
876 3174 994 3236 hehara

45 3253 83 3312 red
85 3255 156 3334 ierat,
181 3263 307 3325 trecenti
331 3262 442 3322 milites
463 3261 558 3322 Italici
579 3260 701 3336 generis
725 3259 803 3333 dati,
828 3265 861 3319 ut
880 3254 992 3318 Thebis

47 3333 109 3402 daret
122 3361 250 3421 operam,
264 3346 320 3408 ut
312 3363 343 3406 m
360 3349 511 3421 potestate
524 3343 653 3404 Boeotia
667 3351 760 3405 esset.

107 3425 228 3490 XLVIII.
246 3429 303 3491 llis
320 3427 520 3507 praeparatis
538 3443 722 3506 quamquam
737 3425 777 3486 ad
789 3423 902 3484 bellum
918 3433 991 3480 con
