2364 3862
208 207 420 272 dissentit.
444 211 527 270 cnr.
541 219 643 274 nas.
665 217 746 286 [uc.
761 217 820 286 nt]
940 207 1002 276 167

14 361 15 364 ’
52 367 228 434 auctoresque
243 369 274 421 et
285 362 334 422 his
351 369 382 422 et
394 362 558 438 separatim
573 361 702 437 singudis
717 361 840 422 fuerunt
858 361 897 421 ad
912 378 1001 423 reno·

14 507 15 528 ἦ
52 445 160 504 vandum
180 445 336 505 anneitium
355 445 492 506 mittendi
511 445 641 506 Romam
658 445 787 524 togatos.
817 451 886 504 ante
899 449 1003 508 omnia

14 529 152 588 «exsules
170 528 286 590 restitui
311 531 480 602 iusserunt,
502 536 532 590 et
551 535 693 589 auderes
715 529 821 604 regiae
846 529 1002 592 societatis

51 612 151 672 decreto
165 627 221 672 suo
236 613 424 672 damnarunt.
456 611 506 688 ita,
522 613 607 688 quod
622 609 755 673 maxime
768 611 922 685 nutabam,
939 611 1002 674 dis-

53 711 125 756 cusso
157 695 302 756 Boeotico
338 695 468 756 concilio
496 695 741 770 Peloponnesum
765 696 1004 772 proficiscuntur

14 799 16 854 ᾗ
53 777 237 840 sesecundo
253 779 426 841 chalcidem
438 779 597 840 arcessito.
615 780 707 860 Argis
720 779 892 859 praebitum
907 789 954 843 est
964 780 1002 841 iis

14 859 16 942 ξ
52 861 200 934 eonoiiium3
222 861 275 924 ubi
299 863 373 924 nihil
397 863 478 922 aliud
497 871 617 940 agente
631 864 826 925 Achaeorum
842 865 1002 941 petierunt,

14 991 16 1018 t
51 961 119 1020 quam
130 947 253 1008 utmiiie
268 947 377 1008 milites
392 947 507 1008 durent.
533 947 564 1006 id
576 947 761 1023 praesidium
775 949 814 1009 ud
828 948 1002 1009 chalcidem

50 1029 179 1105 tuendam,
199 1031 274 1091 duur
293 1033 452 1092 Romanus
474 1029 627 1091 exereitus
642 1031 672 1090 tn
688 1030 846 1092 &aecium
859 1032 1001 1093 traicere·

50 1120 95 1188 tur,
106 1114 225 1175 nissum
241 1121 299 1175 cst.
327 1114 459 1174 Marcius
478 1121 508 1174 et
521 1115 631 1174 Atilius
652 1115 799 1190 peractis,
813 1131 895 1190 quoe
909 1132 1001 1191 egen

50 1196 78 1256 da
90 1197 113 1257 in
127 1197 250 1259 Graecia
266 1203 367 1271 erant,
389 1197 538 1273 principio
559 1198 669 1258 hiemis
687 1199 816 1258 Romam
838 1198 1003 1260 redinunt.

110 1281 193 1340 XLV.
211 1283 288 1342 Inde
299 1281 410 1357 legatio
427 1281 484 1341 sub
501 1282 582 1341 idem
597 1289 720 1358 ternpus
732 1281 763 1341 in
774 1284 881 1343 Asiam
896 1298 933 1342 no
945 1284 1002 1342 cir-

50 1379 101 1424 curn
115 1365 226 1427 insutus
239 1365 348 1425 missa.
378 1372 440 1424 tres
464 1373 552 1427 erunt
576 1366 682 1440 iegati,
706 1365 750 1426 Ti.
778 1367 921 1428 Ciaudius
947 1365 1001 1442 Sp.

49 1446 194 1510 Postumius
208 1449 250 1509 Μ.
267 1449 381 1510 lunius.
411 1449 432 1508 ii
446 1448 669 1510 circumeuntes
684 1449 883 1511 humabantur
897 1450 1001 1511 socios

48 1530 77 1588 ad
86 1533 306 1608 suscipiendum
321 1533 472 1593 adversus
493 1532 607 1592 Persou
627 1550 684 1610 pro
704 1535 851 1596 Romanis
870 1533 1001 1604 betium

49 1621 130 1689 etque
154 1633 299 1694 quaeque
327 1617 503 1692 opulentior
526 1616 635 1678 civitas
660 1625 740 1693 erat,
765 1634 804 1680 eo
829 1620 1001 1680 accuratius

49 1699 166 1775 agebunt,
188 1702 263 1778 quia
282 1701 417 1761 minores
440 1709 602 1762 secuturae
623 1701 772 1762 maiorum
793 1701 1002 1762 auctoritatem

49 1790 121 1844 erant.
157 1785 271 1847 Rhodii
296 1785 420 1845 maximi
446 1785 486 1844 ad
510 1786 612 1844 omnin
635 1785 780 1862 momenti
801 1783 1002 1859 habebantur,

49 1865 170 1938 quianon
185 1871 293 1929 iuvere
306 1875 422 1930 tuntum
443 1869 500 1929 sed
523 1869 670 1928 adiuvare
691 1868 781 1928 etiam
800 1867 919 1928 viribus
934 1866 1001 1928 suis

48 1948 134 2012 bellum
148 1960 305 2028 poterant,
321 1953 525 2029 quadraginta
539 1951 670 2012 nauibus
697 1957 821 2012 auctore
842 1951 1002 2026 Hegesilo-

50 2032 91 2093 cho
103 2038 306 2112 praeparatis,
322 2037 373 2112 qui
389 2051 457 2096 curn
478 2038 509 2096 in
528 2051 650 2096 summo
672 2035 850 2110 magistratu
865 2042 949 2095 esset
962 2066 1005 2080 -

49 2120 164 2196 prytanu
175 2122 236 2198 ipsi
249 2127 362 2181 vocent
372 2153 414 2164 --
425 2121 527 2180 multis
539 2119 727 2181 orationibus
740 2121 911 2195 pervicerat
920 2118 1003 2180 Rico-

50 2199 300 2281 dionutomissa,
318 2219 521 2280 quamsaepe
540 2219 650 2265 vanum
675 2204 792 2279 experti
813 2210 933 2277 essem,
956 2219 1003 2263 rc-

49 2299 100 2354 run
111 2289 311 2350 fovendorum
325 2304 384 2364 spe
396 2289 567 2349 Rumonem
582 2289 774 2364 societatem,
790 2305 881 2348 unum
896 2294 958 2347 torn
974 2287 1004 2346 in

50 2369 116 2430 terris
127 2375 175 2432 vei
189 2373 309 2433 viribus
319 2374 370 2432 uel
381 2369 443 2432 oue
456 2371 606 2448 stubiiern,
621 2372 795 2432 retinerent.
819 2371 932 2432 beiiurn
949 2371 1003 2430 im·

50 2451 139 2514 uirere
152 2473 220 2518 cum
235 2457 367 2517 Perseo:
383 2455 612 2517 desideraturos
627 2456 786 2516 Romanos
803 2457 934 2516 eundem
950 2471 1003 2514 na·

52 2535 127 2598 talem
141 2547 338 2617 apparatum,
355 2556 448 2616 quern
462 2555 561 2615 nuper
576 2539 736 2614 Antiochi,
758 2555 852 2614 quern
872 2536 1003 2611 Philippi
1112 2565 1116 2573 ·

50 2621 188 2684 actebello
202 2625 364 2685 vidissent.
393 2623 601 2700 trepidaturos
625 2631 688 2682 torn
714 2629 842 2698 repente
867 2621 1007 2697 paranda

50 2701 144 2782 classe,
158 2723 226 2768 cnm
243 2707 389 2768 mittenda
404 2714 503 2782 esset,
526 2707 586 2767 nisi
607 2706 735 2766 reticere
754 2721 864 2779 neves,
884 2703 945 2762 nisi
960 2703 1004 2762 in-

51 2791 146 2850 struere
163 2793 327 2854 navaiibus
348 2791 444 2852 sociis
467 2790 653 2867 coepissent.
682 2789 772 2850 ideo
795 2788 892 2864 magis
912 2786 1005 2847 enine

51 2865 199 2937 iucundum
215 2892 303 2952 esse,
317 2883 350 2935 ut
364 2875 490 2934 crimine
507 2875 608 2935 delate
623 2873 661 2934 ab
676 2873 811 2934 Eumene
826 2872 888 2932 tide
903 2888 1007 2933 rerum

14 2975 16 3066 ι
51 2954 206 3021 reieilerent.
237 2961 285 3020 his
304 2959 418 3020 incitati
434 2959 637 3035 quadraginta
658 2959 780 3018 nuvium
803 2958 935 3018 classem
960 2957 1006 3017 in·

14 3067 16 3102 i
52 3042 171 3108 startiam
186 3052 387 3119 ornatamque
402 3043 511 3120 legatis
532 3043 679 3104 Romanis
701 3040 951 3116 aduenientibus,
973 3048 1007 3101 ut

52 3134 96 3182 non
110 3135 313 3203 exspectatam
328 3127 570 3189 adhortationem
586 3141 658 3188 esse
674 3133 846 3204 appareret,
862 3125 1007 3187 ostonde·

14 3253 16 3278 ,
52 3214 111 3266 tunt.
141 3213 255 3272 ethaeo
270 3212 380 3286 legatio
396 3227 538 3286 magnum
554 3210 593 3271 ad
606 3209 817 3272 conciliandos
829 3210 948 3270 animos
965 3209 1007 3268 ci·

14 3279 16 3416 ι
53 3287 165 3354 titatium
178 3295 274 3357 Asiae
288 3302 476 3355 momentum
491 3294 555 3355 fuit.
584 3293 738 3355 Decimius
759 3311 839 3354 uuus
862 3295 929 3354 sine
943 3291 1007 3349 ulio

14 3425 15 3454 p
54 3369 156 3451 effectu,
171 3386 326 3458 capturum
341 3380 432 3440 etium
442 3379 641 3455 pecuniarum
652 3378 690 3438 ab
700 3377 824 3454 regibus
835 3375 1009 3450 illyriorum

14 3455 15 3534 t
55 3458 207 3534 suspicione
221 3464 358 3540 infernis,
371 3463 500 3524 Romam
514 3462 613 3524 rediit.

14 3611 15 3632 t

14 3635 16 3664 i

14 3671 16 3696 i
