2364 3862
139 147 203 211 eea
299 144 415 205 ureae
428 141 531 202 xurv.
554 139 638 198 cnr.
653 143 754 198 aare.
776 134 902 212 [uus.
916 132 982 209 eae]

137 307 265 374 tamque
289 295 435 371 gloriam,
464 297 579 368 quanta
605 287 754 349 Romanis
781 285 874 346 victis
895 301 968 346 eum
989 287 1139 358 manebat,

140 383 295 442 *Eumenes
315 379 440 438 visurus
462 375 562 435 luerit.
598 371 744 432 cernebat
764 377 796 430 et
808 368 928 430 Persea
941 367 1088 429 iamindc
1102 369 1139 430 ah

143 463 227 524 initio
241 463 314 522 belli
335 460 417 521 omni
437 458 530 519 modo
546 471 635 530 spem
654 455 742 530 pacis
758 459 947 528 temptasse,
970 457 1001 510 et
1023 451 1138 512 indies

143 546 250 622 magis,
267 560 329 620 quo
345 542 471 620 propior
485 542 703 600 admoveretur
713 543 822 609 terror,
837 533 914 594 nihil
928 550 1035 608 neque
1050 549 1138 608 agero

144 629 228 690 atiud
243 643 345 704 neque
361 623 505 700 cogitare.
540 623 700 682 Romanrm
717 634 855 694 quoque,
878 617 954 692 quia
972 617 1137 676 traheretur

144 712 258 773 diodus
274 725 332 784 spe
351 707 490 783 ipsorum
508 705 636 776 bellum,
663 711 695 763 et
714 704 805 778 ipsos
827 701 927 761 duces
950 707 981 759 et
1001 707 1136 759 senatum

144 810 205 854 non
221 792 388 852 abhorrere
403 807 423 850 a
436 787 572 849 liniendo
584 795 646 848 tam
657 785 856 846 incommodo
867 799 906 843 ac
918 781 1039 842 dilticili
1050 783 1142 842 bellot

144 877 202 936 hac
215 872 485 947 utriusquepartis
501 872 659 931 voluntate
674 871 847 943 explorate,
864 866 951 942 quod
968 866 1038 926 lieri
1054 867 1136 925 edam

144 973 202 1018 sua
222 962 336 1031 sponte
358 955 459 1016 laedio
480 952 654 1024 validioris,
680 960 764 1012 metu
790 947 971 1011 infirmioris
997 947 1135 1008 credebat

146 1055 255 1115 posse,
280 1039 310 1098 in
335 1054 373 1099 eo
402 1054 490 1098 suam
509 1052 636 1112 operam
657 1035 820 1095 venditare
835 1032 1035 1095 concilianda
1048 1033 1138 1106 gratia

144 1121 243 1196 magis
259 1121 362 1196 cupiit.
396 1138 467 1180 nam
483 1121 575 1180 modo
596 1135 636 1177 ne
651 1117 771 1178 iuvaret
787 1118 871 1178 bello
885 1117 1050 1176 Romanos
1065 1122 1138 1174 terra

144 1205 293 1281 marique,
312 1203 404 1264 modo
421 1203 508 1278 pacis
523 1202 693 1277 patrandae
709 1215 780 1261 curo
795 1199 946 1260 Romanis
962 1195 1136 1274 paciscebe

144 1293 193 1346 tur
207 1287 398 1347 mercedema
424 1302 463 1345 ne
482 1285 564 1346 bello
586 1285 759 1354 interesset,
776 1279 816 1321 **
832 1282 916 1342 mille
930 1287 963 1342 et
978 1281 1137 1356 quingenta

146 1370 268 1428 talento.
301 1369 331 1427 in
346 1375 479 1443 utroque
500 1384 561 1428 non
576 1368 671 1434 tidem
686 1367 781 1427 modo
797 1383 834 1428 se
848 1365 908 1425 sed
922 1363 1055 1426 obsides
1071 1380 1137 1440 quo

147 1465 207 1524 que
236 1450 311 1508 dara
327 1456 479 1524 paratum
508 1466 580 1512 esse
606 1450 801 1511 ostendebat.
845 1449 982 1508 Perseus
1013 1448 1139 1508 adrem

146 1530 352 1590 inchoandam
371 1532 621 1607 promptissimus
636 1541 702 1594 erat
717 1538 850 1608 cogente
864 1539 966 1605 metu,
988 1536 1022 1590 et
1037 1531 1078 1590 de
1091 1531 1139 1593 ob-

94 1687 100 1700 ,
147 1612 267 1672 sidibus
282 1614 473 1689 accipiendis
488 1616 555 1676 sine
571 1616 717 1677 ditatione
732 1617 858 1691 agebat,
881 1622 1139 1688 conveneratque,

147 1701 180 1756 ut
191 1697 312 1770 accepti
325 1697 445 1758 cretam
456 1698 653 1761 mitterentur.
676 1699 729 1760 ubi
744 1700 786 1759 ed
797 1699 951 1775 pecuniae
958 1697 1140 1767 mentionem

148 1783 271 1873 ventum
292 1786 372 1852 erat,
399 1779 442 1840 ibi
463 1782 654 1854 haesitabam
681 1790 713 1843 et
736 1783 844 1857 utique
870 1782 999 1843 alteram
1022 1778 1140 1841 intanti

148 1875 281 1955 nominis
305 1863 431 1936 regibus
456 1872 576 1941 turpem
601 1881 639 1925 ac
660 1865 820 1926 sordidam
843 1871 875 1925 et
895 1862 982 1924 danti
1003 1872 1037 1924 et
1051 1862 1140 1938 magis

148 1944 311 2035 accipienti
336 1948 513 2008 mercedem
538 1964 620 2009 esse.
656 1949 790 2009 nrarlehat
814 1949 845 2008 in
871 1963 962 2024 spem
988 1948 1141 2007 Romanae

150 2037 236 2098 paors
249 2039 312 2085 non
323 2043 471 2089 recusare
483 2031 664 2106 impensam,
681 2032 738 2092 sed
750 2046 819 2092 earn
830 2030 998 2107 pecuniam
1012 2031 1141 2105 perlecta

147 2118 182 2162 re
197 2104 355 2196 daturum,
373 2109 489 2169 interea
504 2111 726 2174 Samothracae
741 2114 771 2173 in
787 2117 905 2190 templo
921 2113 1140 2189 depositurum.

149 2199 186 2278 ea
200 2186 303 2244 insula
314 2203 387 2282 cum
402 2190 503 2266 ipsius
518 2194 650 2256 dicionis
666 2203 760 2268 esset
776 2197 885 2258 videre
899 2197 1059 2257 Eumenes
1075 2193 1141 2255 nihil

149 2270 302 2358 interesse
313 2285 344 2328 rn
355 2286 393 2330 ea
405 2287 444 2332 an
455 2273 558 2335 Pellae
571 2280 705 2352 pecunia
720 2288 815 2354 esset,
830 2281 862 2341 id
875 2286 1019 2356 agerent
1031 2285 1141 2355 partem

149 2347 284 2440 aliquam
299 2362 496 2425 praesentem
511 2360 614 2422 terret.
636 2365 678 2422 ita
693 2361 884 2439 nequiquam
895 2364 976 2424 inter
987 2379 1024 2422 se
1036 2356 1141 2436 captati

149 2425 221 2485 rnlnl
237 2440 363 2501 praeter
376 2436 533 2501 infamiam
550 2459 684 2506 movere.

171 2590 178 2604 υ
213 2510 341 2604 ‚XXVL
370 2519 434 2580 Nec
459 2521 537 2584 haec
565 2533 681 2588 lantum
704 2529 811 2589 Persei
837 2545 896 2604 per
921 2529 1082 2590 avaritiam
1103 2531 1143 2587 esl

149 2590 279 2653 d¹¹¹¹¹⁵⁸³
299 2613 368 2672 10⁸,
390 2616 460 2664 cum
480 2610 644 2680 pecuniam
665 2618 761 2672 tutam
782 2619 814 2673 et
835 2627 947 2687 pacem
961 2612 1080 2672 hahere
1095 2623 1142 2686 per

150 2671 323 2764 Εῑέῐῃθῦθῐ),
350 2699 430 2756 (1⁰80
456 2689 505 2746 vel
533 2699 620 2763 parte
644 2693 732 2768 regni
756 2695 942 2754 redimenda
968 2702 1070 2766 esset,
1099 2697 1142 2752 aut

148 2761 282 2844 reuectus
299 2765 481 2852 protrahere
496 2770 654 2836 inimicum
667 2777 812 2837 mercede
826 2787 983 2850 onustum,
998 2784 1031 2838 et
1043 2777 1141 2838 hostes

148 2839 256 2924 merito
280 2853 309 2896 er
329 2843 488 2941 Romanos
511 2865 621 2924 posset
641 2861 760 2920 lacerae
788 2861 848 2920 scd
873 2861 935 2921 iam
960 2867 1032 2920 ante
1053 2855 1141 2920 Genti

147 2925 230 3004 ”3¹3
252 2929 363 3016 parim
387 2937 538 3004 ⁵⁰0¹0li²⁸‚
567 2945 598 2996 et
622 2948 686 3001 turn
713 2944 870 3004 Gallorum
897 2943 1070 3004 effusorum
1094 2955 1143 3018 per

147 2990 304 3083 ¹¹¹YP¹⁰¹¹¹¹¹
319 3019 429 3076 mgens
445 3010 584 3108 oblatum
605 3025 753 3085 auxilinm
769 3027 899 3088 avaritia
914 3027 1078 3087 dimissum
1092 3031 1141 3084 est.

147 3074 315 3164 renuebant
330 3084 437 3146 decem
454 3095 539 3156 mrlra
553 3105 701 3181 equitnm,
721 3125 779 3183 par
793 3126 941 3170 numerus
957 3110 1105 3184 pediturn,
1118 3113 1143 3166 et

146 3168 287 3305 zelorum
299 3169 489 3238 iungentium
503 3190 727 3263 cursnmequis
739 3198 770 3251 et
782 3191 921 3254 invicem
930 3195 1141 3268 pr⁰l³P⁸⁰fflffl

145 3242 284 3375 erantum
307 3261 426 3336 vacuos
449 3256 635 3328 capientium
657 3274 697 3330 ad
718 3290 855 3348 pugnam
873 3293 984 3351 equos.
1020 3275 1053 3334 hi
1068 3272 1141 3350 pacti

246 3333 350 3395 eques
362 3329 460 3392 denos
474 3352 659 3409 praesentes
674 3359 796 3428 aureos,
816 3359 914 3432 pedes
929 3357 1052 3433 quinoS,
1068 3357 1140 3416 mille
1176 3382 1177 3385 ¹
