2328 3870
202 205 388 267 amnaxa.
413 203 498 266 olo.
512 213 612 268 maa.
635 209 791 286 [..o.ra1]
933 205 973 272 ta

44 377 92 433 sus,
106 360 204 432 frigora
221 366 368 420 nocturna
388 359 520 418 maxime
538 364 695 434 metuens,
719 374 798 433 quae
818 356 974 422 caniculae

45 451 89 503 ortu
103 442 197 502 similia
216 443 401 504 brumalibus
423 449 518 502 eraut
548 443 650 503 multis
671 456 727 517 per
743 456 799 502 eos
814 441 880 504 dies
895 441 974 504 diln-

43 525 161 586 oultatibus
185 525 375 588 conflictatus
401 526 493 586 nihilo
518 524 645 587 laetiora
664 526 695 585 in
716 525 826 586 ansuis
851 524 974 602 invenit,

41 607 182 670 ulisumma
203 611 330 684 penuria
352 617 429 685 erat,
454 617 488 670 ut
506 607 538 669 in
557 610 698 685 ragione,
721 623 813 685 quam
833 607 872 670 ab
894 609 975 670 omui

39 699 98 765 parte
109 693 276 754 solitudines
297 694 483 755 clauderent.
515 694 618 768 itaque
638 709 730 754 unum
744 699 860 756 tamum
875 709 973 754 mora-

37 781 72 834 tas
84 775 158 851 dem,
178 776 286 852 quietis
302 792 407 838 eorum
421 792 515 838 causa
530 793 608 852 quos
622 776 772 838 babuerat
785 791 907 850 secum,
928 775 975 836 iti·

38 871 89 916 raro
107 857 167 918 inda
191 859 280 921 simili
300 861 391 936 iugaa
412 861 443 920 in
463 859 660 922 Dentheletos
680 860 868 922 transcurrit.
898 859 987 922 socii·

37 947 108 1012 orant,
131 943 180 1002 sed
200 951 326 1020 propter
350 943 486 1019 inopiam
508 943 590 1005 haud
615 959 707 1005 secus
730 959 821 1019 quarn
841 942 975 1006 hosium

36 1022 90 1083 ines
105 1023 280 1088 Macedones
308 1025 447 1105 populati
471 1033 557 1088 sunta
586 1027 735 1102 rapiendo
756 1026 837 1088 enim
857 1028 975 1103 passim

35 1105 96 1166 silas
106 1108 232 1184 primum,
250 1111 322 1170 daia
338 1110 490 1187 quosdam
505 1110 595 1170 etiam
609 1111 697 1172 vices
711 1117 897 1185 evasurum,
912 1127 974 1172 non

37 1187 184 1266 siremagno
196 1195 317 1269 pudore
326 1195 419 1270 ragis,
435 1211 505 1255 curn
515 1194 671 1254 sociorum
681 1197 777 1254 doces
789 1192 975 1268 nequiquam

36 1270 87 1332 deos
104 1277 224 1338 sociales
245 1293 420 1354 nomenque
441 1293 532 1338 suum
548 1277 747 1352 implorantes
763 1274 891 1337 audiret
912 1277 973 1336 iru-

15 1383 21 1396 ·
35 1358 181 1420 nentoinde
194 1361 316 1423 sublato
331 1362 362 1422 in
375 1361 547 1423 Maedicam
559 1375 732 1436 regressus,
746 1359 866 1434 urbem,
883 1375 975 1436 quam

35 1433 120 1501 Ponam
129 1447 288 1520 appellant,
300 1461 480 1522 oppugnare
491 1451 540 1507 est
551 1445 687 1506 adortus.
702 1445 800 1520 ipseo
812 1443 974 1520 campestri

37 1519 93 1614 aditu
107 1535 197 1588 metra
216 1529 339 1604 posuit,
363 1529 509 1591 Perseum
528 1529 622 1590 fliium
651 1544 720 1590 cum
741 1527 863 1588 modica
882 1543 974 1590 manu

39 1611 204 1687 recommisit,
225 1621 261 1674 ut
275 1630 294 1673 a
308 1612 519 1688 superioribus
534 1613 611 1674 locis
625 1612 733 1672 urbem
747 1611 975 1686 adgrederetur.

38 1688 159 1769 oppidani,
173 1711 241 1757 cum
254 1703 354 1758 terror
367 1697 504 1772 undique
518 1696 657 1767 instaret,
674 1693 834 1756 obsidibus
850 1694 929 1755 datis
944 1692 976 1754 in

36 1778 168 1842 praesentia
187 1781 371 1841 dediderunt
386 1795 476 1842 sese:
508 1778 615 1853 iidem,
638 1785 802 1852 postquem
823 1778 977 1838 exercitus

36 1860 141 1936 recessit,
165 1863 249 1925 obliti
276 1863 417 1926 obsidum
441 1864 548 1926 relicta
572 1861 648 1922 urbe
668 1858 700 1920 in
724 1862 792 1920 loca
812 1859 927 1920 munita
948 1867 976 1918 et

36 1947 120 2003 nonme
131 1946 314 2022 refugerunt.

94 2023 237 2106 Philippus
262 2033 342 2092 orani
363 2047 477 2106 genere
495 2027 611 2090 laboris
626 2028 694 2090 sine
707 2027 769 2090 ullo
785 2025 896 2088 ellectu
910 2025 977 2086 iati-

38 2105 91 2174 mis
106 2109 241 2176 militibus
265 2125 295 2178 et
315 2115 423 2175 iraude
437 2113 534 2176 Didae
555 2111 707 2188 praetoris
725 2112 822 2173 aucus
836 2109 869 2169 in
882 2107 976 2170 lilium

38 2191 223 2264 suspicionibus
245 2199 277 2258 in
297 2199 510 2260 Macedoniam
530 2197 628 2258 rediit.
660 2195 765 2258 XXlll.
793 2193 906 2256 missus
928 2193 977 2254 hie

37 2281 121 2352 times,
138 2287 251 2344 utente
269 2283 382 2343 dictum
397 2290 459 2356 cst,
481 2297 549 2343 eam
562 2280 785 2356 simplicitatem
799 2277 918 2340 iuvenis
933 2276 976 2336 in-

39 2357 91 2446 cauti
107 2368 131 2420 et
149 2367 210 2427 suis
231 2366 317 2427 haud
333 2366 482 2426 immerito
497 2363 710 2428 succensentis
725 2360 916 2424 adsentando
932 2360 976 2420 in-
1071 2441 1075 2449 ἱ

38 2431 212 2524 d'iniuriaque
233 2457 265 2510 ct
284 2449 353 2525 ipse
370 2449 468 2509 vicem
484 2450 550 2511 eius
566 2455 715 2524 captaret,
736 2447 767 2507 in
783 2445 885 2508 omnia
898 2445 976 2504 uitro

39 2530 98 2583 Situ
114 2527 239 2596 offerens
262 2549 403 2609 operam,
424 2532 486 2592 fide
504 2533 575 2594 data
588 2547 701 2592 arcana
715 2529 781 2591 eius
796 2527 907 2588 elicuit.
931 2526 976 2586 iu·

40 2611 84 2698 iil]
102 2611 133 2671 td
150 2613 305 2679 Romanos
326 2615 497 2678 Demetrius
522 2614 740 2681 meditabatur;
773 2612 822 2671 cui
848 2608 976 2670 consilio

40 2683 124 2752 abutor
141 2697 228 2761 deum
247 2699 398 2760 beneflcio
415 2699 534 2760 oblatus
549 2697 710 2758 videbatur
723 2693 874 2755 Paeoniae
888 2707 977 2768 prae-

41 2769 80 2845 mi,
95 2790 141 2850 per
153 2785 238 2846 ouius
253 2781 442 2862 provinciam
458 2800 545 2859 spem
561 2787 684 2857 ceperat
698 2777 777 2840 elabi
790 2784 855 2838 tuto
870 2791 977 2852 posse.

41 2843 78 2940 ilic
94 2866 239 2930 consilium
261 2869 415 2944 externplo
438 2875 468 2927 at
489 2865 573 2926 iratri
593 2863 731 2940 proditur
752 2869 782 2922 et
799 2868 924 2922 auctore
939 2877 976 2921 eo

42 2933 151 3006 radicatur
172 2953 259 3026 patri.
292 2953 409 3013 litterae
434 2952 565 3026 primum
585 2949 624 3009 ad
647 2947 838 3008 obsidentem
858 2945 977 3007 Petram

42 3015 125 3086 allatae
142 3043 217 3094 sant.
248 3035 320 3095 inde
332 3035 511 3096 Herodorus
526 3063 568 3078 -
582 3033 726 3110 prinecps
747 3029 797 3090 hio
811 3031 977 3092 amicorum

42 3092 144 3192 bilustri
162 3127 224 3180 erat
238 3148 279 3160 —
294 3119 324 3178 in
341 3119 511 3179 custodiam
527 3124 575 3179 est
589 3113 747 3178 coniectus
762 3120 793 3175 ct
806 3113 977 3176 Demetrius

43 3177 223 3263 brimulanter
237 3202 397 3263 adservari
410 3201 524 3263 iussus.
547 3200 624 3261 baec
639 3214 733 3274 super
748 3204 850 3260 cetera
862 3198 978 3258 tristem

43 3263 163 3342 adveutum
176 3285 205 3345 in
217 3285 429 3348 Macedoniam
443 3286 508 3360 regi
523 3285 666 3346 iecerunt.
689 3280 853 3342 movebant
867 3296 937 3342 aum
948 3284 979 3338 ct

44 3355 174 3427 lraaseutia
188 3368 327 3432 crimina:
351 3369 579 3444 exspectandos
593 3375 704 3441 tamen,
722 3381 801 3441 quos
816 3363 855 3424 ad
870 3362 977 3454 explo-

43 3437 108 3501 tanda
124 3453 215 3514 omnia
228 3454 356 3515 Romam
370 3453 503 3526 miserat,
522 3451 676 3512 censebat.
705 3447 754 3509 his
771 3446 879 3508 anxim
894 3456 976 3501 currs
