<?xml version="1.0" encoding="UTF-8"?>
<!DOCTYPE html PUBLIC "-//W3C//DTD XHTML 1.0 Transitional//EN"
    "http://www.w3.org/TR/xhtml1/DTD/xhtml1-transitional.dtd">
<html xmlns="http://www.w3.org/1999/xhtml" xml:lang="en" lang="en">
 <head>
  <title>
</title>
<meta http-equiv="Content-Type" content="text/html;charset=utf-8" />
  <meta name='ocr-system' content='tesseract 3.04.00' />
  <meta name='ocr-capabilities' content='ocr_page ocr_carea ocr_par ocr_line ocrx_word'/>
</head>
<body>
  <div class='ocr_page' id='page_1' title='image "./titiliviaburbec01livygoog_0299.png"; bbox 0 0 2368 3858; ppageno 0'>
   <div class='ocr_carea' id='block_1_1' title="bbox 200 206 1001 283">
    <p class='ocr_par' dir='ltr' id='par_1_1' title="bbox 200 206 1001 283">
     <span class='ocr_line' id='line_1_1' title="bbox 200 206 1001 283; baseline 0.009 -18"><span class='ocrx_word' id='word_1_1' title='bbox 200 207 312 268; x_wconf 74' lang='lat' dir='ltr'><strong>insuit</strong></span> <span class='ocrx_word' id='word_1_2' title='bbox 326 208 416 268; x_wconf 77' lang='lat' dir='ltr'><strong>XLV·</strong></span> <span class='ocrx_word' id='word_1_3' title='bbox 440 208 813 283; x_wconf 77' lang='lat' dir='ltr'><strong>GAP.2·2.23.[a.c.1ot]</strong></span> <span class='ocrx_word' id='word_1_4' title='bbox 939 206 1001 272; x_wconf 75' lang='lat'><strong>273</strong></span> 
     </span>
    </p>
   </div>
   <div class='ocr_carea' id='block_1_2' title="bbox 23 359 1073 3115">
    <p class='ocr_par' dir='ltr' id='par_1_2' title="bbox 23 359 1073 3115">
     <span class='ocr_line' id='line_1_2' title="bbox 49 359 1002 438; baseline 0.002 -18"><span class='ocrx_word' id='word_1_5' title='bbox 49 360 210 438; x_wconf 72' lang='lat' dir='ltr'><strong>Illyriosque</strong></span> <span class='ocrx_word' id='word_1_6' title='bbox 224 359 337 420; x_wconf 90' lang='lat' dir='ltr'><strong>liberos</strong></span> <span class='ocrx_word' id='word_1_7' title='bbox 353 375 433 435; x_wconf 88' lang='lat' dir='ltr'><strong>esse,</strong></span> <span class='ocrx_word' id='word_1_8' title='bbox 455 367 488 421; x_wconf 84' lang='lat' dir='ltr'><strong>ut</strong></span> <span class='ocrx_word' id='word_1_9' title='bbox 502 361 653 436; x_wconf 80' lang='lat' dir='ltr'><strong>audimus,</strong></span> <span class='ocrx_word' id='word_1_10' title='bbox 668 360 789 435; x_wconf 89' lang='lat' dir='ltr'><strong>iubetis,</strong></span> <span class='ocrx_word' id='word_1_11' title='bbox 804 377 873 423; x_wconf 88' lang='lat' dir='ltr'><strong>cum</strong></span> <span class='ocrx_word' id='word_1_12' title='bbox 888 363 1002 424; x_wconf 85' lang='lat' dir='ltr'><strong>servie-</strong></span> 
     </span>
     <span class='ocr_line' id='line_1_3' title="bbox 49 442 1002 523; baseline 0.004 -19"><span class='ocrx_word' id='word_1_13' title='bbox 49 443 95 504; x_wconf 87' lang='lat' dir='ltr'><strong>rint</strong></span> <span class='ocrx_word' id='word_1_14' title='bbox 106 450 262 519; x_wconf 77' lang='lat' dir='ltr'><strong>antequam</strong></span> <span class='ocrx_word' id='word_1_15' title='bbox 278 442 440 504; x_wconf 86' lang='lat' dir='ltr'><strong>vobiscum</strong></span> <span class='ocrx_word' id='word_1_16' title='bbox 453 445 602 507; x_wconf 87' lang='lat' dir='ltr'><strong>bellarent</strong></span> <span class='ocrx_word' id='word_1_17' title='bbox 613 477 658 492; x_wconf 91' lang='lat'>-</span> <span class='ocrx_word' id='word_1_18' title='bbox 671 461 729 506; x_wconf 89' lang='lat' dir='ltr'><strong>neo</strong></span> <span class='ocrx_word' id='word_1_19' title='bbox 744 445 926 523; x_wconf 87' lang='lat' dir='ltr'><strong>cuiusquam</strong></span> <span class='ocrx_word' id='word_1_20' title='bbox 942 448 1002 508; x_wconf 85' lang='lat' dir='ltr'><strong>ior·</strong></span> 
     </span>
     <span class='ocr_line' id='line_1_4' title="bbox 49 527 1003 607; baseline 0.002 -19"><span class='ocrx_word' id='word_1_21' title='bbox 49 536 121 588; x_wconf 88' lang='lat' dir='ltr'><strong>tunae</strong></span> <span class='ocrx_word' id='word_1_22' title='bbox 139 527 324 602; x_wconf 86' lang='lat' dir='ltr'><strong>invidemus,</strong></span> <span class='ocrx_word' id='word_1_23' title='bbox 347 527 439 588; x_wconf 90' lang='lat' dir='ltr'><strong>immo</strong></span> <span class='ocrx_word' id='word_1_24' title='bbox 461 529 659 603; x_wconf 80' lang='lat' dir='ltr'><strong>agnoscimus</strong></span> <span class='ocrx_word' id='word_1_25' title='bbox 682 529 872 590; x_wconf 88' lang='lat' dir='ltr'><strong>clementiam</strong></span> <span class='ocrx_word' id='word_1_26' title='bbox 895 529 1003 607; x_wconf 91' lang='lat' dir='ltr'><strong>populi</strong></span> 
     </span>
     <span class='ocr_line' id='line_1_5' title="bbox 44 611 1004 692; baseline 0.001 -20"><span class='ocrx_word' id='word_1_27' title='bbox 44 611 153 672; x_wconf 85' lang='lat' dir='ltr'><strong>Romani</strong></span> <span class='ocrx_word' id='word_1_28' title='bbox 166 633 224 667; x_wconf 75' lang='grc' dir='ltr'><strong>-ι</strong></span> <span class='ocrx_word' id='word_1_29' title='bbox 245 611 394 686; x_wconf 89' lang='lat' dir='ltr'><strong>Rhodios,</strong></span> <span class='ocrx_word' id='word_1_30' title='bbox 409 611 461 687; x_wconf 92' lang='lat' dir='ltr'><strong>qui</strong></span> <span class='ocrx_word' id='word_1_31' title='bbox 473 612 545 692; x_wconf 84' lang='lat' dir='ltr'><strong>nihil</strong></span> <span class='ocrx_word' id='word_1_32' title='bbox 556 613 638 672; x_wconf 89' lang='lat' dir='ltr'><strong>aliud</strong></span> <span class='ocrx_word' id='word_1_33' title='bbox 649 628 742 689; x_wconf 87' lang='lat' dir='ltr'><strong>qnam</strong></span> <span class='ocrx_word' id='word_1_34' title='bbox 754 612 1004 689; x_wconf 84' lang='lat' dir='ltr'><strong>quieverunthoo</strong></span> 
     </span>
     <span class='ocr_line' id='line_1_6' title="bbox 43 693 1003 773; baseline 0.002 -19"><span class='ocrx_word' id='word_1_35' title='bbox 43 695 124 768; x_wconf 89' lang='lat' dir='ltr'><strong>bello,</strong></span> <span class='ocrx_word' id='word_1_36' title='bbox 146 695 254 756; x_wconf 87' lang='lat' dir='ltr'><strong>hostes</strong></span> <span class='ocrx_word' id='word_1_37' title='bbox 275 711 314 754; x_wconf 88' lang='lat' dir='ltr'><strong>ex</strong></span> <span class='ocrx_word' id='word_1_38' title='bbox 334 693 430 756; x_wconf 89' lang='lat' dir='ltr'><strong>sociis</strong></span> <span class='ocrx_word' id='word_1_39' title='bbox 443 695 551 756; x_wconf 75' lang='lat' dir='ltr'><strong>tacturi</strong></span> <span class='ocrx_word' id='word_1_40' title='bbox 573 694 669 758; x_wconf 70' lang='lat' dir='ltr'><strong>estis?</strong></span> <span class='ocrx_word' id='word_1_41' title='bbox 695 703 778 758; x_wconf 88' lang='lat' dir='ltr'><strong>certe</strong></span> <span class='ocrx_word' id='word_1_42' title='bbox 800 697 924 773; x_wconf 90' lang='lat' dir='ltr'><strong>quidem</strong></span> <span class='ocrx_word' id='word_1_43' title='bbox 943 713 1003 758; x_wconf 85' lang='lat' dir='ltr'><strong>vos</strong></span> 
     </span>
     <span class='ocr_line' id='line_1_7' title="bbox 44 778 1073 856; baseline 0.004 -20"><span class='ocrx_word' id='word_1_44' title='bbox 44 778 105 839; x_wconf 88' lang='lat' dir='ltr'><strong>estis</strong></span> <span class='ocrx_word' id='word_1_45' title='bbox 114 778 251 852; x_wconf 84' lang='lat' dir='ltr'><strong>Romani,</strong></span> <span class='ocrx_word' id='word_1_46' title='bbox 267 778 319 855; x_wconf 89' lang='lat' dir='ltr'><strong>qui</strong></span> <span class='ocrx_word' id='word_1_47' title='bbox 333 778 404 840; x_wconf 91' lang='lat' dir='ltr'><strong>ideo</strong></span> <span class='ocrx_word' id='word_1_48' title='bbox 420 779 520 840; x_wconf 76' lang='lat' dir='ltr'><strong>felicia</strong></span> <span class='ocrx_word' id='word_1_49' title='bbox 532 779 613 839; x_wconf 89' lang='lat' dir='ltr'><strong>bella</strong></span> <span class='ocrx_word' id='word_1_50' title='bbox 623 787 727 842; x_wconf 88' lang='lat' dir='ltr'><strong>vestra</strong></span> <span class='ocrx_word' id='word_1_51' title='bbox 742 795 823 855; x_wconf 88' lang='lat' dir='ltr'><strong>esse,</strong></span> <span class='ocrx_word' id='word_1_52' title='bbox 840 778 913 856; x_wconf 90' lang='lat' dir='ltr'><strong>quia</strong></span> <span class='ocrx_word' id='word_1_53' title='bbox 923 781 1004 842; x_wconf 88' lang='lat' dir='ltr'><strong>iusta</strong></span> <span class='ocrx_word' id='word_1_54' title='bbox 1070 787 1073 792; x_wconf 81' lang='grc'>’</span> 
     </span>
     <span class='ocr_line' id='line_1_8' title="bbox 43 861 1001 940; baseline 0.004 -21"><span class='ocrx_word' id='word_1_55' title='bbox 43 861 97 936; x_wconf 81' lang='lat' dir='ltr'><strong>sint,</strong></span> <span class='ocrx_word' id='word_1_56' title='bbox 111 878 182 938; x_wconf 89' lang='lat' dir='ltr'><strong>prae</strong></span> <span class='ocrx_word' id='word_1_57' title='bbox 193 862 284 923; x_wconf 84' lang='lat' dir='ltr'><strong>vobis</strong></span> <span class='ocrx_word' id='word_1_58' title='bbox 301 861 402 934; x_wconf 85' lang='lat' dir='ltr'><strong>lertis;</strong></span> <span class='ocrx_word' id='word_1_59' title='bbox 423 878 481 923; x_wconf 90' lang='lat' dir='ltr'><strong>neo</strong></span> <span class='ocrx_word' id='word_1_60' title='bbox 495 869 555 924; x_wconf 88' lang='lat' dir='ltr'><strong>tam</strong></span> <span class='ocrx_word' id='word_1_61' title='bbox 569 864 653 925; x_wconf 86' lang='lat' dir='ltr'><strong>exitu</strong></span> <span class='ocrx_word' id='word_1_62' title='bbox 667 878 782 937; x_wconf 88' lang='lat' dir='ltr'><strong>eorum,</strong></span> <span class='ocrx_word' id='word_1_63' title='bbox 800 863 884 940; x_wconf 91' lang='lat' dir='ltr'><strong>quod</strong></span> <span class='ocrx_word' id='word_1_64' title='bbox 899 865 1001 924; x_wconf 88' lang='lat' dir='ltr'><strong>vinca-</strong></span> 
     </span>
     <span class='ocr_line' id='line_1_9' title="bbox 42 944 1001 1024; baseline 0.007 -22"><span class='ocrx_word' id='word_1_65' title='bbox 42 944 84 1019; x_wconf 89' lang='lat' dir='ltr'><strong>lis,</strong></span> <span class='ocrx_word' id='word_1_66' title='bbox 106 962 194 1021; x_wconf 91' lang='lat' dir='ltr'><strong>quam</strong></span> <span class='ocrx_word' id='word_1_67' title='bbox 216 944 392 1022; x_wconf 84' lang='lat' dir='ltr'><strong>principiis,</strong></span> <span class='ocrx_word' id='word_1_68' title='bbox 418 946 503 1023; x_wconf 86' lang='lat' dir='ltr'><strong>quod</strong></span> <span class='ocrx_word' id='word_1_69' title='bbox 524 963 586 1007; x_wconf 93' lang='lat' dir='ltr'><strong>non</strong></span> <span class='ocrx_word' id='word_1_70' title='bbox 607 946 676 1008; x_wconf 88' lang='lat' dir='ltr'><strong>sine</strong></span> <span class='ocrx_word' id='word_1_71' title='bbox 697 963 792 1009; x_wconf 90' lang='lat' dir='ltr'><strong>causa</strong></span> <span class='ocrx_word' id='word_1_72' title='bbox 814 947 1001 1024; x_wconf 87' lang='lat' dir='ltr'><strong>suscipiatis,</strong></span> 
     </span>
     <span class='ocr_line' id='line_1_10' title="bbox 41 1028 1002 1106; baseline 0.006 -20"><span class='ocrx_word' id='word_1_73' title='bbox 41 1028 199 1101; x_wconf 79' lang='lat' dir='ltr'><strong>gloriamini.</strong></span> <span class='ocrx_word' id='word_1_74' title='bbox 223 1029 409 1091; x_wconf 80' lang='lat' dir='ltr'><strong>Messanam</strong></span> <span class='ocrx_word' id='word_1_75' title='bbox 422 1029 525 1091; x_wconf 85' lang='lat' dir='ltr'><strong>Sicilia</strong></span> <span class='ocrx_word' id='word_1_76' title='bbox 536 1036 714 1106; x_wconf 89' lang='lat' dir='ltr'><strong>oppugnata</strong></span> <span class='ocrx_word' id='word_1_77' title='bbox 725 1029 1002 1106; x_wconf 75' lang='lat' dir='ltr'><strong>Carthaginienses,</strong></span> 
     </span>
     <span class='ocr_line' id='line_1_11' title="bbox 39 1111 1003 1190; baseline 0.004 -20"><span class='ocrx_word' id='word_1_78' title='bbox 39 1111 159 1174; x_wconf 81' lang='lat' dir='ltr'><strong>Athenae</strong></span> <span class='ocrx_word' id='word_1_79' title='bbox 180 1120 378 1190; x_wconf 75' lang='lat' dir='ltr'><strong>oppugnatae</strong></span> <span class='ocrx_word' id='word_1_80' title='bbox 400 1119 431 1174; x_wconf 86' lang='lat' dir='ltr'><strong>el</strong></span> <span class='ocrx_word' id='word_1_81' title='bbox 452 1114 580 1175; x_wconf 82' lang='lat' dir='ltr'><strong>Graecia</strong></span> <span class='ocrx_word' id='word_1_82' title='bbox 606 1111 637 1173; x_wconf 91' lang='lat' dir='ltr'><strong>in</strong></span> <span class='ocrx_word' id='word_1_83' title='bbox 658 1113 834 1175; x_wconf 88' lang='lat' dir='ltr'><strong>servitutem</strong></span> <span class='ocrx_word' id='word_1_84' title='bbox 856 1115 951 1189; x_wconf 85' lang='lat' dir='ltr'><strong>petita</strong></span> <span class='ocrx_word' id='word_1_85' title='bbox 972 1120 1003 1174; x_wconf 86' lang='lat' dir='ltr'><strong>et</strong></span> 
     </span>
     <span class='ocr_line' id='line_1_12' title="bbox 41 1195 1001 1274; baseline 0.003 -22"><span class='ocrx_word' id='word_1_86' title='bbox 41 1195 143 1258; x_wconf 90' lang='lat' dir='ltr'><strong>adiutus</strong></span> <span class='ocrx_word' id='word_1_87' title='bbox 163 1197 316 1257; x_wconf 89' lang='lat' dir='ltr'><strong>Hannibal</strong></span> <span class='ocrx_word' id='word_1_88' title='bbox 337 1197 469 1274; x_wconf 82' lang='lat' dir='ltr'><strong>pecunia</strong></span> <span class='ocrx_word' id='word_1_89' title='bbox 489 1196 611 1258; x_wconf 86' lang='lat' dir='ltr'><strong>auxiliis</strong></span> <span class='ocrx_word' id='word_1_90' title='bbox 631 1196 803 1274; x_wconf 89' lang='lat' dir='ltr'><strong>Philippum</strong></span> <span class='ocrx_word' id='word_1_91' title='bbox 823 1197 944 1258; x_wconf 89' lang='lat' dir='ltr'><strong>hostem</strong></span> <span class='ocrx_word' id='word_1_92' title='bbox 959 1197 1001 1255; x_wconf 85' lang='lat' dir='ltr'><strong>te-</strong></span> 
     </span>
     <span class='ocr_line' id='line_1_13' title="bbox 40 1279 1002 1357; baseline 0.004 -21"><span class='ocrx_word' id='word_1_93' title='bbox 40 1285 136 1340; x_wconf 83' lang='lat' dir='ltr'><strong>eerunl</strong></span> <span class='ocrx_word' id='word_1_94' title='bbox 157 1280 332 1342; x_wconf 83' lang='lat' dir='ltr'><strong>Antiochus</strong></span> <span class='ocrx_word' id='word_1_95' title='bbox 354 1281 421 1357; x_wconf 90' lang='lat' dir='ltr'><strong>ipse</strong></span> <span class='ocrx_word' id='word_1_96' title='bbox 441 1281 520 1342; x_wconf 86' lang='lat' dir='ltr'><strong>uitro</strong></span> <span class='ocrx_word' id='word_1_97' title='bbox 539 1281 579 1341; x_wconf 88' lang='lat' dir='ltr'><strong>ab</strong></span> <span class='ocrx_word' id='word_1_98' title='bbox 594 1279 712 1342; x_wconf 85' lang='lat' dir='ltr'><strong>Aetolis</strong></span> <span class='ocrx_word' id='word_1_99' title='bbox 733 1280 874 1342; x_wconf 90' lang='lat' dir='ltr'><strong>hostibus</strong></span> <span class='ocrx_word' id='word_1_100' title='bbox 889 1279 1002 1342; x_wconf 89' lang='lat' dir='ltr'><strong>vestris</strong></span> 
     </span>
     <span class='ocr_line' id='line_1_14' title="bbox 40 1363 1002 1437; baseline 0.003 -17"><span class='ocrx_word' id='word_1_101' title='bbox 40 1364 186 1425; x_wconf 86' lang='lat' dir='ltr'><strong>arcessitus</strong></span> <span class='ocrx_word' id='word_1_102' title='bbox 201 1382 244 1426; x_wconf 88' lang='lat' dir='ltr'><strong>ex</strong></span> <span class='ocrx_word' id='word_1_103' title='bbox 252 1364 330 1425; x_wconf 88' lang='lat' dir='ltr'><strong>Asia</strong></span> <span class='ocrx_word' id='word_1_104' title='bbox 342 1366 445 1426; x_wconf 88' lang='lat' dir='ltr'><strong>classe</strong></span> <span class='ocrx_word' id='word_1_105' title='bbox 455 1365 486 1424; x_wconf 91' lang='lat' dir='ltr'><strong>in</strong></span> <span class='ocrx_word' id='word_1_106' title='bbox 499 1364 657 1425; x_wconf 88' lang='lat' dir='ltr'><strong>Graeciam</strong></span> <span class='ocrx_word' id='word_1_107' title='bbox 668 1363 793 1437; x_wconf 83' lang='lat' dir='ltr'><strong>traiecit,</strong></span> <span class='ocrx_word' id='word_1_108' title='bbox 808 1363 1002 1427; x_wconf 88' lang='lat' dir='ltr'><strong>Demetriade</strong></span> 
     </span>
     <span class='ocr_line' id='line_1_15' title="bbox 40 1445 1001 1528; baseline 0.006 -25"><span class='ocrx_word' id='word_1_109' title='bbox 40 1452 63 1504; x_wconf 84' lang='lat' dir='ltr'><strong>et</strong></span> <span class='ocrx_word' id='word_1_110' title='bbox 73 1445 208 1509; x_wconf 79' lang='lat' dir='ltr'><strong>chalcide</strong></span> <span class='ocrx_word' id='word_1_111' title='bbox 226 1457 257 1511; x_wconf 87' lang='lat' dir='ltr'><strong>et</strong></span> <span class='ocrx_word' id='word_1_112' title='bbox 270 1450 350 1512; x_wconf 89' lang='lat' dir='ltr'><strong>saltu</strong></span> <span class='ocrx_word' id='word_1_113' title='bbox 363 1447 637 1528; x_wconf 83' lang='lat' dir='ltr'><strong>Thermopylarum</strong></span> <span class='ocrx_word' id='word_1_114' title='bbox 652 1456 804 1525; x_wconf 89' lang='lat' dir='ltr'><strong>occupato</strong></span> <span class='ocrx_word' id='word_1_115' title='bbox 819 1448 859 1510; x_wconf 86' lang='lat' dir='ltr'><strong>de</strong></span> <span class='ocrx_word' id='word_1_116' title='bbox 873 1461 1001 1525; x_wconf 86' lang='lat' dir='ltr'><strong>posses·</strong></span> 
     </span>
     <span class='ocr_line' id='line_1_16' title="bbox 40 1527 1000 1608; baseline 0.005 -22"><span class='ocrx_word' id='word_1_117' title='bbox 40 1527 111 1592; x_wconf 90' lang='lat' dir='ltr'><strong>sione</strong></span> <span class='ocrx_word' id='word_1_118' title='bbox 130 1531 250 1608; x_wconf 90' lang='lat' dir='ltr'><strong>imperii</strong></span> <span class='ocrx_word' id='word_1_119' title='bbox 264 1548 321 1593; x_wconf 90' lang='lat' dir='ltr'><strong>vos</strong></span> <span class='ocrx_word' id='word_1_120' title='bbox 343 1532 465 1592; x_wconf 87' lang='lat' dir='ltr'><strong>deicere</strong></span> <span class='ocrx_word' id='word_1_121' title='bbox 481 1540 620 1594; x_wconf 85' lang='lat' dir='ltr'><strong>conatus.</strong></span> <span class='ocrx_word' id='word_1_122' title='bbox 644 1548 713 1594; x_wconf 86' lang='lat' dir='ltr'><strong>cum</strong></span> <span class='ocrx_word' id='word_1_123' title='bbox 726 1533 840 1594; x_wconf 88' lang='lat' dir='ltr'><strong>Perseo</strong></span> <span class='ocrx_word' id='word_1_124' title='bbox 856 1531 934 1595; x_wconf 86' lang='lat' dir='ltr'><strong>socii</strong></span> <span class='ocrx_word' id='word_1_125' title='bbox 948 1547 1000 1592; x_wconf 92' lang='lat' dir='ltr'><strong>ve·</strong></span> 
     </span>
     <span class='ocr_line' id='line_1_17' title="bbox 40 1613 1002 1693; baseline 0.005 -24"><span class='ocrx_word' id='word_1_126' title='bbox 40 1613 81 1672; x_wconf 88' lang='lat' dir='ltr'><strong>sln&#39;</strong></span> <span class='ocrx_word' id='word_1_127' title='bbox 94 1615 270 1692; x_wconf 85' lang='lat' dir='ltr'><strong>oppugnati,</strong></span> <span class='ocrx_word' id='word_1_128' title='bbox 285 1616 335 1676; x_wconf 87' lang='lat' dir='ltr'><strong>alii</strong></span> <span class='ocrx_word' id='word_1_129' title='bbox 348 1619 435 1678; x_wconf 66' lang='lat' dir='ltr'><strong>decta·</strong></span> <span class='ocrx_word' id='word_1_130' title='bbox 445 1618 501 1678; x_wconf 80' lang='lat' dir='ltr'><strong>olii</strong></span> <span class='ocrx_word' id='word_1_131' title='bbox 510 1616 660 1678; x_wconf 87' lang='lat' dir='ltr'><strong>interlecti</strong></span> <span class='ocrx_word' id='word_1_132' title='bbox 671 1615 770 1692; x_wconf 87' lang='lat' dir='ltr'><strong>reguli</strong></span> <span class='ocrx_word' id='word_1_133' title='bbox 782 1617 1002 1693; x_wconf 86' lang='lat' dir='ltr'><strong>principesque</strong></span> 
     </span>
     <span class='ocr_line' id='line_1_18' title="bbox 39 1698 1002 1776; baseline 0.003 -22"><span class='ocrx_word' id='word_1_134' title='bbox 39 1698 153 1767; x_wconf 83' lang='lat' dir='ltr'><strong>gentium</strong></span> <span class='ocrx_word' id='word_1_135' title='bbox 174 1707 230 1762; x_wconf 90' lang='lat' dir='ltr'><strong>aut</strong></span> <span class='ocrx_word' id='word_1_136' title='bbox 256 1700 440 1776; x_wconf 89' lang='lat' dir='ltr'><strong>populorum</strong></span> <span class='ocrx_word' id='word_1_137' title='bbox 462 1716 558 1762; x_wconf 87' lang='lat' dir='ltr'><strong>causa</strong></span> <span class='ocrx_word' id='word_1_138' title='bbox 582 1699 655 1760; x_wconf 88' lang='lat' dir='ltr'><strong>belli</strong></span> <span class='ocrx_word' id='word_1_139' title='bbox 674 1700 764 1760; x_wconf 86' lang='lat' dir='ltr'><strong>vobis</strong></span> <span class='ocrx_word' id='word_1_140' title='bbox 786 1701 880 1760; x_wconf 83' lang='lat' dir='ltr'><strong>tuere.</strong></span> <span class='ocrx_word' id='word_1_141' title='bbox 911 1714 1002 1774; x_wconf 86' lang='lat' dir='ltr'><strong>quern</strong></span> 
     </span>
     <span class='ocr_line' id='line_1_19' title="bbox 41 1781 1002 1858; baseline 0.004 -22"><span class='ocrx_word' id='word_1_142' title='bbox 41 1781 142 1843; x_wconf 89' lang='lat' dir='ltr'><strong>tandem</strong></span> <span class='ocrx_word' id='word_1_143' title='bbox 156 1784 276 1845; x_wconf 86' lang='lat' dir='ltr'><strong>titulum</strong></span> <span class='ocrx_word' id='word_1_144' title='bbox 292 1790 398 1846; x_wconf 88' lang='lat' dir='ltr'><strong>nostru</strong></span> <span class='ocrx_word' id='word_1_145' title='bbox 419 1783 575 1845; x_wconf 87' lang='lat' dir='ltr'><strong>calamitas</strong></span> <span class='ocrx_word' id='word_1_146' title='bbox 594 1782 735 1844; x_wconf 87' lang='lat' dir='ltr'><strong>habitura</strong></span> <span class='ocrx_word' id='word_1_147' title='bbox 749 1791 812 1856; x_wconf 89' lang='lat' dir='ltr'><strong>est,</strong></span> <span class='ocrx_word' id='word_1_148' title='bbox 834 1783 861 1843; x_wconf 88' lang='lat' dir='ltr'><strong>si</strong></span> <span class='ocrx_word' id='word_1_149' title='bbox 877 1781 1002 1858; x_wconf 86' lang='lat' dir='ltr'><strong>perituri</strong></span> 
     </span>
     <span class='ocr_line' id='line_1_20' title="bbox 39 1864 1003 1944; baseline 0.003 -24"><span class='ocrx_word' id='word_1_150' title='bbox 39 1874 147 1927; x_wconf 68' lang='lat' dir='ltr'><strong>samus?</strong></span> <span class='ocrx_word' id='word_1_151' title='bbox 171 1868 310 1929; x_wconf 89' lang='lat' dir='ltr'><strong>nondum</strong></span> <span class='ocrx_word' id='word_1_152' title='bbox 325 1881 457 1944; x_wconf 87' lang='lat' dir='ltr'><strong>segrego</strong></span> <span class='ocrx_word' id='word_1_153' title='bbox 473 1864 603 1930; x_wconf 85' lang='lat' dir='ltr'><strong>civitatis</strong></span> <span class='ocrx_word' id='word_1_154' title='bbox 619 1883 744 1927; x_wconf 90' lang='lat' dir='ltr'><strong>causam</strong></span> <span class='ocrx_word' id='word_1_155' title='bbox 760 1884 779 1926; x_wconf 89' lang='lat' dir='ltr'><strong>a</strong></span> <span class='ocrx_word' id='word_1_156' title='bbox 792 1866 957 1944; x_wconf 80' lang='lat' dir='ltr'><strong>Polyarato</strong></span> <span class='ocrx_word' id='word_1_157' title='bbox 972 1870 1003 1925; x_wconf 87' lang='lat' dir='ltr'><strong>el</strong></span> 
     </span>
     <span class='ocr_line' id='line_1_21' title="bbox 39 1943 1001 2026; baseline 0.004 -22"><span class='ocrx_word' id='word_1_158' title='bbox 39 1943 150 2025; x_wconf 87' lang='lat' dir='ltr'><strong>ilinone,</strong></span> <span class='ocrx_word' id='word_1_159' title='bbox 167 1951 287 2013; x_wconf 88' lang='lat' dir='ltr'><strong>civibus</strong></span> <span class='ocrx_word' id='word_1_160' title='bbox 302 1952 431 2025; x_wconf 87' lang='lat' dir='ltr'><strong>nostris,</strong></span> <span class='ocrx_word' id='word_1_161' title='bbox 447 1957 477 2011; x_wconf 89' lang='lat' dir='ltr'><strong>et</strong></span> <span class='ocrx_word' id='word_1_162' title='bbox 493 1951 545 2024; x_wconf 88' lang='lat' dir='ltr'><strong>iis,</strong></span> <span class='ocrx_word' id='word_1_163' title='bbox 563 1967 643 2026; x_wconf 91' lang='lat' dir='ltr'><strong>quos</strong></span> <span class='ocrx_word' id='word_1_164' title='bbox 658 1957 692 2010; x_wconf 89' lang='lat' dir='ltr'><strong>ut</strong></span> <span class='ocrx_word' id='word_1_165' title='bbox 702 1950 895 2010; x_wconf 85' lang='lat' dir='ltr'><strong>traderemus</strong></span> <span class='ocrx_word' id='word_1_166' title='bbox 911 1947 1001 2008; x_wconf 90' lang='lat' dir='ltr'><strong>vobis</strong></span> 
     </span>
     <span class='ocr_line' id='line_1_22' title="bbox 40 2029 1003 2111; baseline 0.003 -23"><span class='ocrx_word' id='word_1_167' title='bbox 40 2029 213 2096; x_wconf 84' lang='lat' dir='ltr'><strong>adduximus.</strong></span> <span class='ocrx_word' id='word_1_168' title='bbox 233 2035 261 2096; x_wconf 89' lang='lat' dir='ltr'><strong>si</strong></span> <span class='ocrx_word' id='word_1_169' title='bbox 276 2051 382 2096; x_wconf 90' lang='lat' dir='ltr'><strong>omnes</strong></span> <span class='ocrx_word' id='word_1_170' title='bbox 396 2033 509 2097; x_wconf 87' lang='lat' dir='ltr'><strong>Rhodii</strong></span> <span class='ocrx_word' id='word_1_171' title='bbox 523 2049 624 2111; x_wconf 90' lang='lat' dir='ltr'><strong>aeque</strong></span> <span class='ocrx_word' id='word_1_172' title='bbox 637 2034 721 2094; x_wconf 85' lang='lat' dir='ltr'><strong>noxii</strong></span> <span class='ocrx_word' id='word_1_173' title='bbox 737 2049 894 2108; x_wconf 88' lang='lat' dir='ltr'><strong>essemus,</strong></span> <span class='ocrx_word' id='word_1_174' title='bbox 917 2032 1003 2108; x_wconf 90' lang='lat' dir='ltr'><strong>quod</strong></span> 
     </span>
     <span class='ocr_line' id='line_1_23' title="bbox 41 2115 1000 2194; baseline 0.002 -21"><span class='ocrx_word' id='word_1_175' title='bbox 41 2122 156 2179; x_wconf 85' lang='lat' dir='ltr'><strong>nostrum</strong></span> <span class='ocrx_word' id='word_1_176' title='bbox 170 2120 201 2179; x_wconf 92' lang='lat' dir='ltr'><strong>in</strong></span> <span class='ocrx_word' id='word_1_177' title='bbox 218 2118 371 2180; x_wconf 87' lang='lat' dir='ltr'><strong>bochello</strong></span> <span class='ocrx_word' id='word_1_178' title='bbox 395 2119 508 2179; x_wconf 89' lang='lat' dir='ltr'><strong>crimen</strong></span> <span class='ocrx_word' id='word_1_179' title='bbox 524 2125 628 2180; x_wconf 75' lang='lat' dir='ltr'><strong>essetl</strong></span> <span class='ocrx_word' id='word_1_180' title='bbox 654 2117 757 2179; x_wconf 88' lang='lat' dir='ltr'><strong>Persei</strong></span> <span class='ocrx_word' id='word_1_181' title='bbox 773 2118 910 2194; x_wconf 89' lang='lat' dir='ltr'><strong>partibus</strong></span> <span class='ocrx_word' id='word_1_182' title='bbox 925 2115 1000 2176; x_wconf 86' lang='lat' dir='ltr'><strong>iavi-</strong></span> 
     </span>
     <span class='ocr_line' id='line_1_24' title="bbox 41 2201 1000 2279; baseline 0.001 -21"><span class='ocrx_word' id='word_1_183' title='bbox 41 2205 105 2274; x_wconf 85' lang='lat' dir='ltr'><strong>nus,</strong></span> <span class='ocrx_word' id='word_1_184' title='bbox 130 2211 159 2264; x_wconf 83' lang='lat' dir='ltr'><strong>et</strong></span> <span class='ocrx_word' id='word_1_185' title='bbox 180 2203 441 2279; x_wconf 88' lang='lat' dir='ltr'><strong>quemadmodum</strong></span> <span class='ocrx_word' id='word_1_186' title='bbox 460 2201 605 2264; x_wconf 84' lang='lat' dir='ltr'><strong>Antiochi</strong></span> <span class='ocrx_word' id='word_1_187' title='bbox 625 2201 820 2279; x_wconf 87' lang='lat' dir='ltr'><strong>Philippique</strong></span> <span class='ocrx_word' id='word_1_188' title='bbox 841 2203 922 2262; x_wconf 90' lang='lat' dir='ltr'><strong>bello</strong></span> <span class='ocrx_word' id='word_1_189' title='bbox 944 2216 1000 2276; x_wconf 92' lang='lat' dir='ltr'><strong>pro</strong></span> 
     </span>
     <span class='ocr_line' id='line_1_25' title="bbox 40 2281 1000 2362; baseline 0.006 -25"><span class='ocrx_word' id='word_1_190' title='bbox 40 2281 108 2344; x_wconf 88' lang='lat' dir='ltr'><strong>vobis</strong></span> <span class='ocrx_word' id='word_1_191' title='bbox 128 2287 280 2348; x_wconf 87' lang='lat' dir='ltr'><strong>adversus</strong></span> <span class='ocrx_word' id='word_1_192' title='bbox 301 2301 407 2362; x_wconf 89' lang='lat' dir='ltr'><strong>reges,</strong></span> <span class='ocrx_word' id='word_1_193' title='bbox 431 2286 477 2347; x_wconf 87' lang='lat' dir='ltr'><strong>sic</strong></span> <span class='ocrx_word' id='word_1_194' title='bbox 499 2302 580 2347; x_wconf 89' lang='lat' dir='ltr'><strong>nunc</strong></span> <span class='ocrx_word' id='word_1_195' title='bbox 600 2303 657 2362; x_wconf 87' lang='lat' dir='ltr'><strong>pro</strong></span> <span class='ocrx_word' id='word_1_196' title='bbox 679 2301 753 2361; x_wconf 91' lang='lat' dir='ltr'><strong>rege</strong></span> <span class='ocrx_word' id='word_1_197' title='bbox 774 2286 928 2347; x_wconf 90' lang='lat' dir='ltr'><strong>adversus</strong></span> <span class='ocrx_word' id='word_1_198' title='bbox 942 2299 1000 2344; x_wconf 91' lang='lat' dir='ltr'><strong>vos</strong></span> 
     </span>
     <span class='ocr_line' id='line_1_26' title="bbox 23 2367 1029 2454; baseline 0.004 -31"><span class='ocrx_word' id='word_1_199' title='bbox 23 2367 167 2454; x_wconf 65' lang='lat' dir='ltr'><strong>alemus.</strong></span> <span class='ocrx_word' id='word_1_200' title='bbox 191 2371 450 2446; x_wconf 89' lang='lat' dir='ltr'><strong>quemadmodum</strong></span> <span class='ocrx_word' id='word_1_201' title='bbox 462 2371 619 2431; x_wconf 88' lang='lat' dir='ltr'><strong>soleamus</strong></span> <span class='ocrx_word' id='word_1_202' title='bbox 631 2369 736 2432; x_wconf 85' lang='lat' dir='ltr'><strong>socios</strong></span> <span class='ocrx_word' id='word_1_203' title='bbox 747 2368 854 2431; x_wconf 89' lang='lat' dir='ltr'><strong>iuvare</strong></span> <span class='ocrx_word' id='word_1_204' title='bbox 866 2376 897 2430; x_wconf 90' lang='lat' dir='ltr'><strong>et</strong></span> <span class='ocrx_word' id='word_1_205' title='bbox 908 2384 1000 2444; x_wconf 86' lang='lat' dir='ltr'><strong>quarn</strong></span> <span class='ocrx_word' id='word_1_206' title='bbox 1024 2400 1029 2404; x_wconf 94' lang='lat'>·</span> 
     </span>
     <span class='ocr_line' id='line_1_27' title="bbox 40 2445 1001 2530; baseline 0 -21"><span class='ocrx_word' id='word_1_207' title='bbox 40 2445 147 2526; x_wconf 88' lang='lat' dir='ltr'><strong>inpigre</strong></span> <span class='ocrx_word' id='word_1_208' title='bbox 162 2469 330 2530; x_wconf 86' lang='lat' dir='ltr'><strong>capessere</strong></span> <span class='ocrx_word' id='word_1_209' title='bbox 347 2455 437 2521; x_wconf 80' lang='lat' dir='ltr'><strong>bella</strong></span> <span class='ocrx_word' id='word_1_210' title='bbox 454 2452 485 2513; x_wconf 83' lang='lat' dir='ltr'><strong>c.</strong></span> <span class='ocrx_word' id='word_1_211' title='bbox 500 2451 617 2514; x_wconf 88' lang='lat' dir='ltr'><strong>Livium</strong></span> <span class='ocrx_word' id='word_1_212' title='bbox 631 2455 664 2514; x_wconf 88' lang='lat' dir='ltr'><strong>L.</strong></span> <span class='ocrx_word' id='word_1_213' title='bbox 675 2451 838 2514; x_wconf 85' lang='lat' dir='ltr'><strong>Aemilium</strong></span> <span class='ocrx_word' id='word_1_214' title='bbox 848 2452 1001 2526; x_wconf 86' lang='lat' dir='ltr'><strong>Regillum</strong></span> 
     </span>
     <span class='ocr_line' id='line_1_28' title="bbox 39 2525 999 2613; baseline 0.003 -26"><span class='ocrx_word' id='word_1_215' title='bbox 39 2528 220 2613; x_wconf 86' lang='lat' dir='ltr'><strong>interrogate,</strong></span> <span class='ocrx_word' id='word_1_216' title='bbox 248 2538 300 2613; x_wconf 92' lang='lat' dir='ltr'><strong>qui</strong></span> <span class='ocrx_word' id='word_1_217' title='bbox 314 2525 479 2598; x_wconf 87' lang='lat' dir='ltr'><strong>&#39;classibus</strong></span> <span class='ocrx_word' id='word_1_218' title='bbox 503 2534 617 2598; x_wconf 88' lang='lat' dir='ltr'><strong>vestris</strong></span> <span class='ocrx_word' id='word_1_219' title='bbox 642 2538 673 2597; x_wconf 92' lang='lat' dir='ltr'><strong>in</strong></span> <span class='ocrx_word' id='word_1_220' title='bbox 693 2537 771 2597; x_wconf 83' lang='lat' dir='ltr'><strong>Asia</strong></span> <span class='ocrx_word' id='word_1_221' title='bbox 792 2535 999 2612; x_wconf 76' lang='lat' dir='ltr'><strong>praefuerunt.</strong></span> 
     </span>
     <span class='ocr_line' id='line_1_29' title="bbox 39 2618 1001 2696; baseline 0 -20"><span class='ocrx_word' id='word_1_222' title='bbox 39 2627 184 2695; x_wconf 86' lang='lat' dir='ltr'><strong>uunquam</strong></span> <span class='ocrx_word' id='word_1_223' title='bbox 204 2628 329 2682; x_wconf 90' lang='lat' dir='ltr'><strong>vestrae</strong></span> <span class='ocrx_word' id='word_1_224' title='bbox 349 2636 446 2682; x_wconf 87' lang='lat' dir='ltr'><strong>naves</strong></span> <span class='ocrx_word' id='word_1_225' title='bbox 471 2635 650 2696; x_wconf 85' lang='lat' dir='ltr'><strong>pugnavere</strong></span> <span class='ocrx_word' id='word_1_226' title='bbox 670 2620 738 2680; x_wconf 89' lang='lat' dir='ltr'><strong>sino</strong></span> <span class='ocrx_word' id='word_1_227' title='bbox 759 2618 859 2679; x_wconf 87' lang='lat' dir='ltr'><strong>nobis.</strong></span> <span class='ocrx_word' id='word_1_228' title='bbox 893 2622 1001 2676; x_wconf 88' lang='lat' dir='ltr'><strong>nostra</strong></span> 
     </span>
     <span class='ocr_line' id='line_1_30' title="bbox 40 2697 1001 2782; baseline -0.003 -21"><span class='ocrx_word' id='word_1_229' title='bbox 40 2697 122 2763; x_wconf 79' lang='lat' dir='ltr'><strong>classe</strong></span> <span class='ocrx_word' id='word_1_230' title='bbox 132 2706 336 2782; x_wconf 84' lang='lat' dir='ltr'><strong>pugnavimus</strong></span> <span class='ocrx_word' id='word_1_231' title='bbox 347 2706 443 2765; x_wconf 90' lang='lat' dir='ltr'><strong>semel</strong></span> <span class='ocrx_word' id='word_1_232' title='bbox 454 2705 495 2765; x_wconf 88' lang='lat' dir='ltr'><strong>ad</strong></span> <span class='ocrx_word' id='word_1_233' title='bbox 508 2703 641 2778; x_wconf 90' lang='lat' dir='ltr'><strong>Samum,</strong></span> <span class='ocrx_word' id='word_1_234' title='bbox 657 2704 765 2764; x_wconf 89' lang='lat' dir='ltr'><strong>iterum</strong></span> <span class='ocrx_word' id='word_1_235' title='bbox 777 2702 807 2762; x_wconf 87' lang='lat' dir='ltr'><strong>in</strong></span> <span class='ocrx_word' id='word_1_236' title='bbox 819 2699 1001 2777; x_wconf 78' lang='lat' dir='ltr'><strong>Pamphylia</strong></span> 
     </span>
     <span class='ocr_line' id='line_1_31' title="bbox 41 2781 999 2865; baseline 0.004 -26"><span class='ocrx_word' id='word_1_237' title='bbox 41 2781 167 2850; x_wconf 86' lang='lat' dir='ltr'><strong>adversus</strong></span> <span class='ocrx_word' id='word_1_238' title='bbox 189 2789 391 2850; x_wconf 89' lang='lat' dir='ltr'><strong>Hannibalern</strong></span> <span class='ocrx_word' id='word_1_239' title='bbox 411 2789 642 2865; x_wconf 70' lang='lat' dir='ltr'><strong>imperatorem</strong></span> <span class='ocrx_word' id='word_1_240' title='bbox 666 2802 746 2863; x_wconf 89' lang='lat' dir='ltr'><strong>quae</strong></span> <span class='ocrx_word' id='word_1_241' title='bbox 766 2783 895 2846; x_wconf 84' lang='lat' dir='ltr'><strong>victoria</strong></span> <span class='ocrx_word' id='word_1_242' title='bbox 909 2783 999 2844; x_wconf 89' lang='lat' dir='ltr'><strong>nobis</strong></span> 
     </span>
     <span class='ocr_line' id='line_1_32' title="bbox 41 2871 1000 2948; baseline -0.001 -19"><span class='ocrx_word' id='word_1_243' title='bbox 41 2877 67 2924; x_wconf 75' lang='lat'><strong>00</strong></span> <span class='ocrx_word' id='word_1_244' title='bbox 84 2871 242 2944; x_wconf 79' lang='lat' dir='ltr'><strong>gloriosior</strong></span> <span class='ocrx_word' id='word_1_245' title='bbox 263 2873 328 2946; x_wconf 57' lang='lat' dir='ltr'><strong>est?</strong></span> <span class='ocrx_word' id='word_1_246' title='bbox 348 2873 434 2948; x_wconf 91' lang='lat' dir='ltr'><strong>quod</strong></span> <span class='ocrx_word' id='word_1_247' title='bbox 448 2887 517 2933; x_wconf 90' lang='lat' dir='ltr'><strong>oum</strong></span> <span class='ocrx_word' id='word_1_248' title='bbox 532 2873 572 2932; x_wconf 90' lang='lat' dir='ltr'><strong>ad</strong></span> <span class='ocrx_word' id='word_1_249' title='bbox 588 2872 712 2933; x_wconf 90' lang='lat' dir='ltr'><strong>Samum</strong></span> <span class='ocrx_word' id='word_1_250' title='bbox 727 2885 868 2946; x_wconf 88' lang='lat' dir='ltr'><strong>magnam</strong></span> <span class='ocrx_word' id='word_1_251' title='bbox 883 2876 1000 2944; x_wconf 84' lang='lat' dir='ltr'><strong>partem</strong></span> 
     </span>
     <span class='ocr_line' id='line_1_33' title="bbox 41 2953 999 3032; baseline 0.002 -20"><span class='ocrx_word' id='word_1_252' title='bbox 41 2955 141 3016; x_wconf 80' lang='lat' dir='ltr'><strong>tanum</strong></span> <span class='ocrx_word' id='word_1_253' title='bbox 156 2958 289 3018; x_wconf 88' lang='lat' dir='ltr'><strong>adversa</strong></span> <span class='ocrx_word' id='word_1_254' title='bbox 305 2971 409 3032; x_wconf 87' lang='lat' dir='ltr'><strong>pugna</strong></span> <span class='ocrx_word' id='word_1_255' title='bbox 430 2962 462 3016; x_wconf 88' lang='lat' dir='ltr'><strong>et</strong></span> <span class='ocrx_word' id='word_1_256' title='bbox 474 2957 628 3032; x_wconf 85' lang='lat' dir='ltr'><strong>egregiam</strong></span> <span class='ocrx_word' id='word_1_257' title='bbox 643 2957 829 3018; x_wconf 85' lang='lat' dir='ltr'><strong>iuventutem</strong></span> <span class='ocrx_word' id='word_1_258' title='bbox 844 2953 999 3014; x_wconf 89' lang='lat' dir='ltr'><strong>amisisse·</strong></span> 
     </span>
     <span class='ocr_line' id='line_1_34' title="bbox 42 3039 999 3115; baseline 0.002 -21"><span class='ocrx_word' id='word_1_259' title='bbox 42 3045 106 3110; x_wconf 80' lang='lat' dir='ltr'><strong>nris,</strong></span> <span class='ocrx_word' id='word_1_260' title='bbox 126 3057 163 3102; x_wconf 90' lang='lat' dir='ltr'><strong>ne</strong></span> <span class='ocrx_word' id='word_1_261' title='bbox 179 3047 262 3102; x_wconf 85' lang='lat' dir='ltr'><strong>tanta</strong></span> <span class='ocrx_word' id='word_1_262' title='bbox 277 3040 401 3115; x_wconf 87' lang='lat' dir='ltr'><strong>quidein</strong></span> <span class='ocrx_word' id='word_1_263' title='bbox 417 3040 504 3101; x_wconf 85' lang='lat' dir='ltr'><strong>clade</strong></span> <span class='ocrx_word' id='word_1_264' title='bbox 519 3040 612 3100; x_wconf 87' lang='lat' dir='ltr'><strong>territi</strong></span> <span class='ocrx_word' id='word_1_265' title='bbox 625 3040 734 3101; x_wconf 85' lang='lat' dir='ltr'><strong>iterum</strong></span> <span class='ocrx_word' id='word_1_266' title='bbox 748 3039 816 3100; x_wconf 90' lang='lat' dir='ltr'><strong>ausi</strong></span> <span class='ocrx_word' id='word_1_267' title='bbox 830 3053 937 3099; x_wconf 91' lang='lat' dir='ltr'><strong>sumus</strong></span> <span class='ocrx_word' id='word_1_268' title='bbox 951 3053 999 3097; x_wconf 85' lang='lat' dir='ltr'><strong>re·</strong></span> 
     </span>
    </p>
   </div>
   <div class='ocr_carea' id='block_1_3' title="bbox 41 3116 1004 3605">
    <p class='ocr_par' dir='ltr' id='par_1_3' title="bbox 41 3116 996 3202">
     <span class='ocr_line' id='line_1_35' title="bbox 41 3116 996 3202; baseline -0.007 -15"><span class='ocrx_word' id='word_1_269' title='bbox 41 3116 92 3187; x_wconf 77' lang='lat' dir='ltr'><strong>o&#39;ao</strong></span> <span class='ocrx_word' id='word_1_270' title='bbox 110 3125 200 3186; x_wconf 87' lang='lat' dir='ltr'><strong>classi</strong></span> <span class='ocrx_word' id='word_1_271' title='bbox 222 3141 262 3186; x_wconf 86' lang='lat' dir='ltr'><strong>ex</strong></span> <span class='ocrx_word' id='word_1_272' title='bbox 282 3123 373 3202; x_wconf 75' lang='lat' dir='ltr'><strong>Syria</strong></span> <span class='ocrx_word' id='word_1_273' title='bbox 392 3123 525 3184; x_wconf 90' lang='lat' dir='ltr'><strong>venienti</strong></span> <span class='ocrx_word' id='word_1_274' title='bbox 546 3123 667 3185; x_wconf 90' lang='lat' dir='ltr'><strong>obviam</strong></span> <span class='ocrx_word' id='word_1_275' title='bbox 688 3124 741 3184; x_wconf 89' lang='lat' dir='ltr'><strong>ire.</strong></span> <span class='ocrx_word' id='word_1_276' title='bbox 764 3123 842 3183; x_wconf 89' lang='lat' dir='ltr'><strong>haec</strong></span> <span class='ocrx_word' id='word_1_277' title='bbox 857 3139 919 3183; x_wconf 93' lang='lat' dir='ltr'><strong>non</strong></span> <span class='ocrx_word' id='word_1_278' title='bbox 935 3123 996 3196; x_wconf 92' lang='lat' dir='ltr'><strong>glo·</strong></span> 
     </span>
    </p>

    <p class='ocr_par' dir='ltr' id='par_1_4' title="bbox 42 3198 1003 3283">
     <span class='ocr_line' id='line_1_36' title="bbox 42 3198 1003 3283; baseline 0.004 -21"><span class='ocrx_word' id='word_1_279' title='bbox 42 3198 120 3265; x_wconf 82' lang='lat' dir='ltr'><strong>dandi</strong></span> <span class='ocrx_word' id='word_1_280' title='bbox 139 3223 234 3270; x_wconf 89' lang='lat' dir='ltr'><strong>causa</strong></span> <span class='ocrx_word' id='word_1_281' title='bbox 252 3207 353 3268; x_wconf 82' lang='lat' dir='ltr'><strong>rettuli</strong></span> <span class='ocrx_word' id='word_1_282' title='bbox 375 3243 417 3254; x_wconf 90' lang='lat'><em>-</em></span> <span class='ocrx_word' id='word_1_283' title='bbox 438 3223 541 3283; x_wconf 91' lang='lat' dir='ltr'><strong>neque</strong></span> <span class='ocrx_word' id='word_1_284' title='bbox 561 3209 641 3268; x_wconf 90' lang='lat' dir='ltr'><strong>enim</strong></span> <span class='ocrx_word' id='word_1_285' title='bbox 661 3223 699 3268; x_wconf 91' lang='lat' dir='ltr'><strong>ea</strong></span> <span class='ocrx_word' id='word_1_286' title='bbox 718 3223 800 3268; x_wconf 91' lang='lat' dir='ltr'><strong>nunc</strong></span> <span class='ocrx_word' id='word_1_287' title='bbox 825 3208 932 3266; x_wconf 86' lang='lat' dir='ltr'><strong>nostra</strong></span> <span class='ocrx_word' id='word_1_288' title='bbox 955 3212 1003 3266; x_wconf 89' lang='lat' dir='ltr'><strong>est</strong></span> 
     </span>
    </p>

    <p class='ocr_par' dir='ltr' id='par_1_5' title="bbox 42 3279 1003 3369">
     <span class='ocr_line' id='line_1_37' title="bbox 42 3279 1003 3369; baseline -0.008 -18"><span class='ocrx_word' id='word_1_289' title='bbox 42 3279 142 3351; x_wconf 78' lang='lat' dir='ltr'><strong>fortuna</strong></span> <span class='ocrx_word' id='word_1_290' title='bbox 152 3323 204 3366; x_wconf 93' lang='lat'><strong>-,</strong></span> <span class='ocrx_word' id='word_1_291' title='bbox 227 3291 285 3354; x_wconf 89' lang='lat' dir='ltr'><strong>sed</strong></span> <span class='ocrx_word' id='word_1_292' title='bbox 299 3298 333 3353; x_wconf 90' lang='lat' dir='ltr'><strong>ul</strong></span> <span class='ocrx_word' id='word_1_293' title='bbox 346 3291 557 3365; x_wconf 88' lang='lat' dir='ltr'><strong>admonerem,</strong></span> <span class='ocrx_word' id='word_1_294' title='bbox 580 3291 836 3369; x_wconf 88' lang='lat' dir='ltr'><strong>quemadmodum</strong></span> <span class='ocrx_word' id='word_1_295' title='bbox 853 3286 1003 3348; x_wconf 87' lang='lat' dir='ltr'><strong>adiuvare</strong></span> 
     </span>
    </p>

    <p class='ocr_par' dir='ltr' id='par_1_6' title="bbox 45 3370 1004 3452">
     <span class='ocr_line' id='line_1_38' title="bbox 45 3370 1004 3452; baseline 0.002 -24"><span class='ocrx_word' id='word_1_296' title='bbox 45 3370 128 3434; x_wconf 85' lang='lat' dir='ltr'><strong>socios</strong></span> <span class='ocrx_word' id='word_1_297' title='bbox 148 3378 283 3437; x_wconf 83' lang='lat' dir='ltr'><strong>solerent</strong></span> <span class='ocrx_word' id='word_1_298' title='bbox 297 3375 441 3437; x_wconf 86' lang='lat' dir='ltr'><strong>Rhodii.“</strong></span> <span class='ocrx_word' id='word_1_299' title='bbox 461 3374 566 3436; x_wconf 87' lang='lat' dir='ltr'><strong>XXIII.</strong></span> <span class='ocrx_word' id='word_1_300' title='bbox 586 3375 749 3452; x_wconf 86' lang='lat' dir='ltr'><strong>„praemia</strong></span> <span class='ocrx_word' id='word_1_301' title='bbox 769 3380 800 3434; x_wconf 90' lang='lat' dir='ltr'><strong>et</strong></span> <span class='ocrx_word' id='word_1_302' title='bbox 814 3373 954 3446; x_wconf 73' lang='lat' dir='ltr'><strong>Philippo</strong></span> <span class='ocrx_word' id='word_1_303' title='bbox 974 3375 1004 3433; x_wconf 83' lang='lat' dir='ltr'><strong>et</strong></span> 
     </span>
    </p>

    <p class='ocr_par' dir='ltr' id='par_1_7' title="bbox 42 3447 1000 3605">
     <span class='ocr_line' id='line_1_39' title="bbox 42 3447 1000 3537; baseline 0.003 -23"><span class='ocrx_word' id='word_1_304' title='bbox 42 3447 169 3522; x_wconf 80' lang='lat' dir='ltr'><strong>lnuooho</strong></span> <span class='ocrx_word' id='word_1_305' title='bbox 186 3459 316 3522; x_wconf 88' lang='lat' dir='ltr'><strong>devictis</strong></span> <span class='ocrx_word' id='word_1_306' title='bbox 332 3457 522 3536; x_wconf 88' lang='lat' dir='ltr'><strong>amplissima</strong></span> <span class='ocrx_word' id='word_1_307' title='bbox 533 3462 709 3537; x_wconf 89' lang='lat' dir='ltr'><strong>accepimus</strong></span> <span class='ocrx_word' id='word_1_308' title='bbox 722 3455 849 3518; x_wconf 86' lang='lat' dir='ltr'><strong>avobis.</strong></span> <span class='ocrx_word' id='word_1_309' title='bbox 866 3455 903 3529; x_wconf 91' lang='lat' dir='ltr'><strong>si,</strong></span> <span class='ocrx_word' id='word_1_310' title='bbox 920 3471 1000 3532; x_wconf 90' lang='lat' dir='ltr'><strong>quae</strong></span> 
     </span>
     <span class='ocr_line' id='line_1_40' title="bbox 72 3546 793 3605; baseline -0.004 -6"><span class='ocrx_word' id='word_1_311' title='bbox 72 3553 90 3595; x_wconf 82' lang='lat' dir='ltr'><strong>r.</strong></span> <span class='ocrx_word' id='word_1_312' title='bbox 103 3556 160 3604; x_wconf 77' lang='lat' dir='ltr'><strong>urar</strong></span> <span class='ocrx_word' id='word_1_313' title='bbox 174 3561 250 3605; x_wconf 75' lang='lat' dir='ltr'><strong>nans</strong></span> <span class='ocrx_word' id='word_1_314' title='bbox 264 3547 304 3604; x_wconf 88' lang='lat' dir='ltr'><strong>V.</strong></span> <span class='ocrx_word' id='word_1_315' title='bbox 759 3546 793 3597; x_wconf 84' lang='grc'><strong>18</strong></span> 
     </span>
    </p>
   </div>
   <div class='ocr_carea' id='block_1_4' title="bbox 0 0 1188 3858">
    <p class='ocr_par' dir='ltr' id='par_1_8' title="bbox 0 0 1188 3858">
     <span class='ocr_line' id='line_1_41' title="bbox 0 0 1188 3858; baseline 0 0"><span class='ocrx_word' id='word_1_316' title='bbox 0 0 1188 3858; x_wconf 95' lang='lat' dir='ltr'><strong> </strong></span> 
     </span>
    </p>
   </div>
  </div>
 </body>
</html>
