2328 3870
129 213 192 283 114
210 215 412 320 LIBliRllLI.
434 214 683 279 CAP.1a.le.14.
707 221 745 289 [ι.
753 219 887 282 neem
897 221 1033 288 sculi]

125 367 288 431 flumenin
310 381 436 442 campos
458 367 737 442 progressionem
759 365 913 433 hauebant
926 365 1043 433 hostes.
1067 366 1109 432 ibi
1163 392 1164 415 1

125 469 194 512 curn
217 451 266 514 his
287 451 353 520 ecia
377 449 560 516 omentum.
596 450 771 525 quindecim
796 449 878 522 utilia
904 465 1010 524 caesa,
1036 452 1110 531 plns
1163 476 1164 487 κ

127 533 313 611 septingenti
333 539 385 602 unt
404 534 436 598 in
456 534 574 609 proelio
594 541 647 597 aut
666 535 697 594 in
712 533 822 597 castris
835 566 879 581 -
891 550 962 602 aare
977 549 1014 596 ea
1031 551 1106 608 quo·

125 634 187 694 que
206 624 383 694 expugnata
404 626 475 686 sunt
490 617 634 693 *capti
655 625 685 678 et
699 615 788 692 sigua
808 617 947 686 militarie
968 633 1062 682 unum
1079 625 1109 680 et
1163 632 1164 689 3

125 701 346 779 quinquaginta
360 709 459 776 capla.
480 701 623 775 Ligures,
642 701 790 776 reliquiae
805 701 925 778 caedis,
940 702 970 763 in
987 708 1109 764 montes
1163 730 1164 733 ¹

123 787 302 862 refugerunt
321 785 457 860 passius
479 784 702 860 populantique
723 791 912 861 campestres
926 800 1019 862 egros
1035 801 1107 846 cou-
1163 786 1164 855 l

124 871 183 930 suli
208 869 291 932 nulle
310 883 444 942 usquam
463 874 673 943 appamerunt
691 883 785 930 arma
818 867 966 939 Claudius
979 868 1109 931 duarum
1162 934 1164 961 ¹

123 952 257 1028 gentium
271 969 332 1020 uno
347 967 429 1015 anuo
443 951 547 1026 vietor,
562 951 692 1026 duabus,
709 953 793 1027 quod
806 967 877 1017 rure
887 952 976 1026 alius,
992 951 1022 1013 in
1035 967 1106 1013 cen·
1162 964 1164 1007 r

123 1037 222 1098 sulatn
239 1037 356 1111 penalis
370 1035 540 1111 provinciis
552 1036 681 1099 Romam
694 1035 827 1097 revertit„

207 1118 285 1186 xlii.
306 1118 450 1194 Prodigia
464 1135 502 1183 eo
518 1135 599 1188 anuo
612 1119 756 1190 nuntiato,
772 1116 1007 1185 in'crustummo
1018 1133 1107 1183 avem

123 1204 311 1278 sangumem.
324 1202 1106 1283 quamvoeerusacrumlapidemrosmoeeeidisse,
1128 1273 1130 1280 ,

124 1285 235 1350 bovem
256 1288 287 1350 iu
303 1286 469 1362 Campania
490 1288 637 1359 locutum,
659 1301 785 1349 vaccum
800 1301 925 1349 aeneam
941 1284 1108 1364 Syracusis
1159 1269 1164 1345 i

122 1369 161 1430 ab
176 1370 290 1446 agresti
305 1376 407 1441 tauro,
424 1370 477 1443 qui
491 1385 606 1444 pecore
619 1370 801 1444 aberrasset,
819 1368 922 1432 initam
937 1383 974 1430 ac
987 1369 1108 1434 semine

122 1453 313 1527 adsparsum.
341 1451 373 1514 in
389 1451 582 1518 cmstumino
603 1453 684 1516 diam
705 1469 799 1525 unum
818 1451 848 1515 in
863 1452 932 1528 ipso
947 1454 1017 1517 loeo
1032 1468 1105 1528 sup·

121 1535 245 1610 plicatio
261 1535 330 1609 mn,
346 1540 376 1597 et
389 1535 420 1600 iu
435 1535 602 1610 Campania
614 1534 673 1598 bos
688 1537 799 1601 denda
812 1535 936 1614 publice
951 1536 1030 1608 data,
1047 1534 1106 1618 Sy·
1161 1596 1164 1599 .

121 1634 369 1694 recusunumque
384 1618 558 1694 prodigium
573 1619 726 1694 expiatum
738 1619 827 1686 editis
840 1619 878 1683 ab
890 1619 1106 1702 unanimius

123 1702 192 1778 diis,
208 1702 321 1778 quibus
336 1703 571 1778 supplicaretur.

204 1785 344 1852 Pontiiax
358 1802 398 1846 en
412 1803 493 1854 anno
508 1792 647 1849 mortuus
662 1795 710 1849 est
722 1786 763 1848 Μ.
776 1785 921 1856 Claudius
931 1786 1106 1858 Marcellus,

22 1902 25 1906 ,
123 1871 176 1946 qui
197 1872 306 1932 consul
326 1886 500 1946 censorque
515 1872 622 1932 luerat.
651 1871 679 1930 in
697 1871 762 1931 eius
778 1872 879 1931 locum
894 1869 1044 1941 suffectus
1059 1877 1108 1932 est
1160 1860 1164 1917 i

123 1956 260 2030 pontilari
275 1954 357 2024 uuus
368 1955 435 2018 eius
444 1955 485 2018 Μ,
497 1954 670 2021 Marcellus.
691 1954 846 2020 etLunarn
861 1951 1108 2018 coloniaendem
1161 1946 1164 2021 Ι

120 2054 201 2100 anuo
223 2039 286 2100 duo
304 2037 386 2102 milia
400 2039 511 2105 nivium
525 2039 731 2104 Romanorum
746 2044 817 2100 suut
831 2038 972 2104 deducta.
1000 2037 1108 2105 uium-
1161 2061 1162 2067 ¹

120 2122 177 2180 riri
198 2120 568 2188 renumerationis
586 2121 626 2184 Μ.
641 2121 790 2184 Aemilius
810 2121 944 2198 Lepidus
960 2121 1011 2185 Cn.
1029 2117 1108 2185 Sici·

121 2204 206 2273 nius;
229 2204 446 2278 quinquagena
466 2211 495 2266 el
517 2205 638 2280 singula
657 2206 765 2279 iugera
778 2212 809 2271 et
827 2204 975 2270 semisses
990 2203 1056 2280 agri
1072 2203 1105 2265 in
1156 2209 1163 2225 ¹

121 2287 261 2361 singulos
277 2287 339 2350 dati
354 2293 435 2351 sunt.
453 2284 765 2364 deLigupeisceplus
779 2300 853 2364 ager
866 2289 947 2354 crete
957 2285 1110 2354 Etrusco·

119 2385 186 2432 rum
200 2378 270 2430 ente
287 2387 378 2444 quam
392 2370 537 2446 Ligurum
551 2372 659 2438 luerat.

204 2453 236 2519 0.
253 2453 395 2517 Claudius
417 2457 526 2521 eousul
543 2456 583 2520 ad
597 2455 704 2528 urbem
720 2455 817 2526 veniis
841 2455 907 2530 eui,
925 2470 994 2516 eum
1009 2453 1042 2514 in
1057 2469 1109 2523 se·

118 2543 191 2602 natu
206 2537 351 2605 derebus
367 2538 396 2599 in
408 2538 522 2612 Histrio
532 2539 757 2614 Liguribusque
770 2553 921 2614 prospere
933 2536 1030 2612 gestis
1042 2537 1109 2599 dis-

119 2621 277 2696 seruisset,
292 2624 460 2697 postulanti
474 2622 647 2698 triumphus
661 2629 709 2683 est
724 2623 875 2684 decretus.
908 2619 1110 2698 triumphavit

117 2705 150 2764 in
164 2705 344 2780 magistratu
354 2707 396 2767 de
410 2706 532 2771 duabus
547 2707 638 2769 simul
652 2706 803 2782 gentibus.
825 2705 934 2769 tulitin
947 2705 1110 2770 courum·

118 2787 180 2862 pho
196 2789 354 2853 dommum
369 2797 508 2855 trecenta
521 2796 639 2864 septem
653 2789 751 2864 milia,
767 2797 798 2852 et
810 2789 1003 2853 victoriatum
1018 2795 1110 2868 oete

116 2870 201 2944 ginta
221 2873 358 2946 quinque
380 2873 462 2935 milia
481 2873 693 2947 septingentos
711 2873 800 2938 duos.
834 2873 978 2940 militibus
992 2872 1025 2932 in
1041 2871 1109 2933 sin·

116 2954 206 3027 gulos
229 2955 313 3028 quini
331 2954 402 3016 deni
418 2953 536 3016 denarii
551 2955 628 3026 datm
653 2956 768 3033 duplex
786 2956 970 3031 eentmuoni,
989 2955 1110 3030 triplex

116 3036 220 3109 equiti.
244 3036 339 3104 secus
355 3037 480 3100 dimidio
495 3039 596 3104 minus
612 3057 704 3116 quam
720 3041 838 3104 civibus
855 3039 968 3102 datum.
995 3040 1111 3115 itaque

114 3119 206 3192 taciti,
223 3126 257 3181 ut
270 3121 365 3185 irelns
382 3137 455 3184 esse
469 3122 608 3198 sentires,
624 3125 721 3188 secuti
735 3132 805 3190 sum
820 3142 950 3190 currum.

199 3203 278 3264 XIV.
302 3205 377 3269 cunt
398 3205 425 3267 is
447 3207 618 3282 triumphus
640 3209 679 3269 de
691 3207 853 3286 Liguribus
869 3209 1032 3284 agebatur,
1055 3205 1110 3268 Li·

114 3302 208 3360 gures
229 3293 396 3364 postquem
416 3298 580 3356 senserunt
593 3309 656 3355 nou
672 3293 865 3356 consularem
880 3298 997 3362 tantum
1011 3307 1110 3352 exer-

114 3370 204 3430 citum
215 3371 344 3432 Romam
356 3371 529 3450 abductum,
544 3376 602 3436 sed
613 3376 764 3452 legionem
777 3377 815 3438 ab
826 3375 869 3439 li.
881 3374 1008 3441 claudio
1020 3373 1112 3435 Pisis

114 3451 288 3540 dimissam,
308 3457 398 3516 soluti
413 3466 510 3535 metu,
532 3458 610 3520 clam
625 3457 763 3520 exercitu
776 3458 906 3534 indicto,
929 3475 985 3536 per
997 3467 1111 3520 mans·
