2364 3862
163 183 226 244 elo
336 185 451 243 LIBER
465 184 568 242 XLIV.
592 182 674 242 CAP·
690 191 715 245 7.
729 190 755 243 8.
779 188 815 255 [α.
830 187 862 238 U.
876 203 898 237 c.
910 187 974 252 583]

164 336 296 411 aliquem
313 336 444 396 subesse
459 335 571 394 dolum.
601 351 695 394 unum
711 334 791 393 diem
806 335 845 393 ad
860 334 1051 408 exploranda
1061 333 1129 392 circa

165 420 267 482 omnic
287 426 422 480 moratus
443 425 543 478 castra
560 425 677 488 nrovet;
699 417 836 492 satisque
856 417 987 477 credens
1004 417 1033 476 in
1047 417 1130 476 Pieria

165 503 303 564 frumenti
330 503 449 578 copiam
474 503 539 561 lore
565 517 602 562 ec
628 503 678 560 die
703 503 742 560 ed
763 515 880 559 amnem
902 500 1028 560 nomine
1047 499 1130 575 Mityn

165 587 327 664 processit.
364 592 490 661 postero
511 585 561 645 die
584 599 767 660 progressus
792 585 931 658 Agassas
958 584 1064 643 urbem
1082 589 1130 643 tra-

165 671 308 732 dentibus
323 686 395 730 sese
409 669 486 744 ipsis
501 670 633 742 recepit;
649 674 680 728 et
694 675 725 727 ut
738 668 924 742 reliquorum
938 667 1130 726 Macedonum

165 756 283 814 animos
300 754 357 814 sibi
368 754 551 825 conciliaret,
564 751 723 813 obsidibus
736 758 895 813 contentus
907 752 977 811 sine
988 750 1131 824 praesidio

165 837 337 912 relinquere
365 853 400 896 se
430 835 476 896 eis
505 836 610 896 urbem
637 837 849 911 immunesque
869 851 905 895 ac
931 835 1000 894 suis
1024 832 1129 907 legibus

164 921 300 980 victuros
322 928 369 981 est
391 919 554 995 pollicitus.
589 935 772 994 progressus
793 918 863 978 inde
884 917 946 978 diei
967 919 1025 976 iter
1045 917 1081 975 ad
1099 919 1130 974 A·

165 1004 308 1064 scordum
334 1003 447 1064 llumen
473 1003 576 1079 posuit
598 1011 713 1072 cestra3
743 1009 773 1062 et
797 1010 940 1076 quantum
964 1000 1131 1075 procederet

164 1088 285 1162 longius
300 1105 318 1148 a
334 1085 501 1159 Thessalia,
523 1103 560 1147 eo
577 1088 721 1148 maiorem
732 1102 833 1146 rerum
855 1085 993 1146 omnium
1013 1082 1131 1158 inopiam

165 1171 300 1231 sentiens
311 1169 1128 1246 regressusadDiumestdubitationeomnibusexemp·

164 1263 209 1329 tn,
232 1255 307 1330 quid
327 1256 492 1315 intercluso
512 1255 551 1315 ab
576 1254 734 1314 'lhessella
755 1253 929 1328 patiendum
958 1252 1075 1324 luisset,
1094 1248 1130 1308 cni

166 1339 272 1412 procul
289 1339 360 1397 inde
375 1338 544 1398 abscedere
567 1345 660 1398 tutum
677 1352 738 1398 non
754 1344 846 1397 esset.
880 1337 1017 1396 Perseus
1033 1332 1130 1394 coactis

164 1421 195 1480 in
215 1437 309 1481 unum
324 1422 465 1480 omnibus
481 1421 579 1496 copiis
591 1422 783 1494 ducibusque
797 1421 959 1495 increpare
973 1420 1130 1494 praefectos

165 1504 397 1579 praesidiorum,
413 1511 482 1564 ante
494 1519 601 1564 omnes
612 1503 865 1580 Asclepiodotum
881 1510 976 1578 atque
986 1502 1131 1576 Hippiam·

164 1587 266 1646 abhis
283 1587 384 1646 dicere
399 1589 532 1647 claustra
549 1588 749 1647 Macedoniae
769 1587 877 1647 hadita
893 1587 1044 1648 Romanis
1059 1599 1130 1651 essm
1169 1645 1170 1648 ,

165 1671 252 1730 cuius
268 1671 377 1745 culpae
391 1686 463 1730 reus
479 1687 567 1731 nemo
582 1671 690 1731 iustius
706 1665 797 1745 quam
809 1671 876 1746 ipse
884 1670 1006 1730 luisset.
1029 1665 1131 1728 consuli

164 1762 329 1828 postquam
348 1770 388 1823 ex
402 1755 462 1814 alto
479 1764 647 1830 conspecta
662 1756 771 1814 classis
787 1770 875 1829 spem
892 1754 965 1813 lecit
980 1768 1048 1814 cum
1063 1765 1130 1811 cont-

164 1845 264 1898 meatu
285 1854 381 1898 naves
401 1839 506 1898 venire
531 1872 569 1882 -
593 1839 699 1912 ingens
721 1838 800 1896 enim
821 1838 931 1898 caritas
954 1847 1132 1896 annoneeac

164 1937 263 1996 prope
284 1921 388 1996 inopia
408 1929 473 1982 erat
487 1954 531 1964 —
545 1922 583 1982 ab
598 1921 725 1981 invectis
741 1921 800 1980 iam
822 1928 945 1996 portum
968 1921 1054 1981 audit
1073 1931 1130 1976 one·

164 2005 261 2064 rarias
273 2021 368 2064 naves
379 2005 555 2079 Magnesiae
576 2006 698 2064 relictos
720 2019 800 2064 esse.
837 2004 954 2063 incerto
971 2003 1044 2062 inde
1058 1999 1129 2076 quid·

163 2104 234 2146 narn
254 2088 405 2161 agendum
432 2089 509 2148 soret
527 2124 570 2134 —-
592 2088 670 2147 adeo
691 2088 758 2147 sine
779 2087 841 2146 ulla
861 2103 923 2162 ope
944 2088 1045 2147 hostis
1066 2096 1132 2158 quac

164 2171 352 2241 adgravaret,
369 2185 436 2228 cum
453 2170 703 2244 ipsadilficultate
714 2186 815 2236 rerum
828 2171 1128 2246 pugnandumerat—

164 2258 393 2327 peropportune
407 2252 524 2312 litterae
540 2270 558 2312 a
574 2252 627 2328 Sp.
639 2253 780 2314 Lucretio
795 2255 915 2314 adlatae
933 2262 1007 2314 sunt
1021 2250 1132 2313 castella

165 2350 208 2406 se,
226 2350 305 2409 quae
316 2350 410 2409 snper
424 2335 538 2410 Tempe
554 2345 673 2410 essent,
694 2345 725 2398 et
741 2338 823 2397 cirea
838 2337 945 2396 Philan
961 2345 1065 2397 tenere
1081 2347 1131 2393 om-

163 2417 224 2490 nia,
240 2417 442 2493 frumentique
457 2420 486 2477 in
501 2421 538 2480 iis
554 2428 584 2481 et
604 2421 730 2479 aliarum
750 2419 780 2480 in
802 2437 893 2480 usum
908 2437 1009 2480 rerum
1026 2419 1131 2492 copiam

163 2501 327 2563 invenisse.
361 2503 437 2560 Vlll.
460 2502 508 2562 his
530 2519 717 2578 magnopere
731 2505 829 2564 laetus
852 2506 961 2564 consul
979 2505 1020 2563 eb
1035 2503 1087 2562 Dio
1100 2497 1132 2556 ad

162 2584 268 2644 Philan
289 2586 385 2657 dneit,
406 2585 496 2646 simul
516 2595 550 2647 ut
569 2587 755 2662 praesidium
770 2587 836 2648 eius
851 2588 996 2658 firmaret,
1014 2585 1098 2646 simul
1107 2585 1132 2638 ut

163 2668 247 2728 militi
262 2669 457 2742 frumentum,
485 2671 571 2731 cuius
589 2671 676 2730 tarda
698 2669 855 2732 subvectio
881 2677 961 2744 erat,
984 2669 1131 2730 divideret.

163 2767 200 2809 ea
235 2752 383 2825 protectio
417 2753 528 2812 lamam
560 2753 797 2828 haudquaquam
831 2755 1000 2815 secundam
1031 2747 1130 2812 habuit.

163 2849 232 2891 nam
258 2835 307 2892 alii
330 2843 411 2894 metu
435 2836 604 2896 recessisse
626 2852 693 2896 eum
711 2837 749 2896 ab
776 2838 865 2898 hoste
891 2831 1130 2908 ferebantque
1173 2899 1175 2908 Δ

163 2917 296 2974 manenti
320 2916 349 2975 in
371 2917 469 2977 Pieria
496 2919 612 2992 proelio
634 2918 838 2980 dimicandum
861 2922 953 2995 loret,
982 2920 1034 2980 alii
1058 2917 1175 2992 igne
1173 2911 1175 2960 l

162 3014 243 3071 rum,
265 2998 336 3057 belli
363 3017 441 3073 quae
463 2999 493 3058 in
509 3002 576 3061 dies
591 3003 712 3062 fortune
733 3012 874 3077 novaret,
900 3011 934 3064 nt
957 2996 1175 3079 opperienti-l

164 3082 221 3141 bus
245 3096 316 3141 sese
343 3083 437 3142 rebus
470 3085 613 3144 omisisse
643 3087 682 3145 de
709 3087 848 3147 manibus
874 3103 927 3160 ea,
960 3101 1040 3162 quae
1068 3093 1175 3140 mox
1172 3073 1175 3122 l

164 3155 259 3239 repeti
279 3182 341 3226 non
363 3175 500 3240 possent.
533 3169 622 3228 simul
649 3169 728 3228 enim
749 3171 843 3230 cessit
861 3169 1065 3245 possessione
1080 3161 1127 3228 Dii,
1173 3175 1175 3242 t

164 3247 305 3308 excitavit
325 3250 460 3326 hostem,
486 3259 520 3312 ut
545 3260 615 3311 tunc
637 3253 757 3312 taudem
779 3254 905 3313 sentiret
929 3243 1175 3328 recuperande
1173 3275 1175 3324 3

162 3346 232 3392 esse
256 3351 334 3407 quae
356 3336 439 3410 prius
461 3352 518 3396 sua
544 3337 633 3410 culpa
656 3335 771 3397 omissa
796 3339 904 3397 lorent
933 3338 1035 3397 audita
1059 3329 1127 3390 enim

162 3417 349 3486 protectione
376 3419 511 3480 consulis
537 3435 699 3503 regressus
722 3421 826 3494 Ilium,
853 3437 933 3496 quae
955 3420 1078 3480 disiecta
1096 3423 1126 3469 at
