2424 3872
22 183 24 254 l
215 212 472 284 lfflanlltxlx.
494 213 872 288 cnr.aa.m.[·.c.1ss]
919 201 934 224 ”
989 215 1030 280 21

76 382 157 427 norae
175 374 263 442 atque
283 367 420 428 insuetae
440 365 586 428 libertatis
607 365 682 428 vitio
703 368 904 430 seditionibus
919 368 1031 446 princi·

72 467 131 526 pnm
148 450 292 524 turbatas,
313 450 451 526 partibus
472 466 552 526 quae
566 450 736 513 domestico
751 454 915 512 certamine
927 455 1032 516 vince·

74 543 160 594 rentur
172 533 364 608 adiungendo
378 547 450 594 sese
464 532 556 610 cepit.
584 533 691 596 xlllv.
711 533 760 595 his
776 535 886 596 sedata
898 536 929 596 in
943 553 1032 612 prae·

22 633 23 636 ¹
72 619 151 678 sentia
162 617 240 692 regis
256 617 302 677 ira
316 617 347 678 in
361 618 518 680 Romanos
534 623 590 678 est.
618 635 784 694 numquam
800 625 903 679 tamen
917 621 1034 682 remisit

72 702 181 761 animum
195 718 212 761 a
226 701 409 776 colligendis
423 701 453 760 in
469 716 547 776 pace
560 699 693 776 viribus,
716 702 829 776 quibus
845 703 1034 778 quandoque

71 783 126 843 data
138 786 251 846 tonum
265 791 350 845 esset
359 785 400 844 ad
409 783 524 845 bellum
533 791 677 845 uteretur.
701 786 861 862 vectigalia
871 787 957 863 regni
971 802 1033 850 non

70 867 194 928 lmctibus
218 875 336 929 tantum
361 883 504 943 agrorum
530 867 738 945 portoriisque
761 869 920 930 maritimis
939 871 1031 930 auxit.

69 951 113 1008 sed
133 951 245 1011 metalla
270 951 361 1011 etiam
383 958 414 1012 et
432 958 537 1011 vetera
557 951 731 1012 intermissa
752 953 881 1016 recoluit
901 960 931 1014 et
951 969 1033 1014 nova

22 1061 23 1098 1
69 1035 150 1094 multis
170 1033 246 1096 locis
266 1033 405 1095 instituit.
433 1041 468 1095 ut
480 1049 557 1096 vero
571 1034 727 1113 antiquam
741 1036 961 1097 multitudinem
976 1037 1032 1097 bo-

22 1117 23 1120 ’
68 1116 172 1190 ninam,
194 1134 274 1194 qaae
289 1117 362 1178 belli
376 1116 517 1180 cladibus
530 1118 646 1180 amIssa
658 1125 738 1193 erat,
760 1120 948 1193 restitueret,
969 1137 1033 1180 non

69 1199 186 1262 subolem
210 1208 329 1263 tantum
349 1201 453 1278 stirpis
476 1202 605 1277 parabat
625 1204 774 1277 cogendis
795 1200 938 1263 omnibus
959 1219 1031 1278 pro-

69 1297 151 1344 creare
165 1291 255 1360 atque
270 1286 405 1346 educare
416 1285 540 1358 liberos,
557 1285 614 1345 sed
624 1285 774 1346 Thracum
788 1286 877 1346 etiam
890 1300 1032 1360 magnam

68 1367 263 1429 multitudinem
286 1369 316 1428 in
330 1367 543 1429 Macedoniam
564 1369 755 1442 traduxerat,
778 1369 964 1445 quietusque
978 1370 1032 1430 ali·
1059 1437 1063 1444 ,
1094 1433 1097 1440 ,

70 1451 189 1522 quamdiu
202 1468 222 1512 a
235 1451 327 1513 bellis
344 1453 427 1512 omni
442 1468 516 1514 oure
529 1452 560 1512 in
571 1453 730 1528 augendas
744 1453 831 1529 regni
842 1467 921 1528 opes
934 1452 1031 1514 inten-

68 1536 105 1591 tus
122 1535 220 1597 luerat
247 1535 371 1596 rediere
393 1535 505 1596 deinde
519 1551 649 1611 causae,
671 1551 751 1611 quae
767 1537 807 1598 de
820 1536 938 1610 integro
954 1535 1030 1599 iram

22 1621 24 1698 t
69 1626 199 1679 moverent
208 1619 420 1680 inRomanos.
436 1619 653 1680 Thessalorum
666 1618 944 1682 etPerrhaeborum
957 1635 1032 1695 que·

22 1703 24 1774 ξ
69 1699 140 1760 rellae
157 1702 197 1762 de
207 1701 339 1763 urbibus
354 1703 420 1762 sais
434 1700 473 1762 ab
488 1719 527 1764 eo
548 1703 723 1778 possessis,
742 1710 772 1763 et
786 1706 959 1779 legatorum
972 1704 1034 1764 Eu·

69 1784 144 1844 nonis
161 1786 243 1862 regis
262 1786 304 1845 de
316 1785 452 1848 Thraciis
468 1784 593 1861 oppidis
609 1801 664 1860 per
676 1787 739 1845 vim
755 1786 913 1862 occupatis
930 1787 1033 1847 tradu-

71 1871 155 1942 ctaque
173 1870 203 1928 in
218 1869 434 1930 Macedoniam
453 1868 661 1941 multitudine,
682 1867 725 1929 ita
737 1870 862 1929 auditae
877 1875 977 1940 erant,
999 1877 1034 1930 ut

70 1961 109 2008 eas
117 1967 171 2012 non
181 1951 306 2029 neglegi
317 1953 392 2015 satis
406 1957 579 2029 appareret
602 1951 1033 2012 maximsmoveratsenatum

71 2034 206 2103 quodiam
220 2036 303 2096 Aeni
323 2043 355 2098 et
367 2035 533 2096 Maroneae
553 2035 701 2095 adfectari
722 2034 959 2110 possessionem
980 2051 1032 2094 au·

70 2111 175 2188 dierant3
197 2121 301 2181 minus
318 2119 485 2180 Thessalos
505 2119 662 2180 curabant.
695 2118 883 2179 Athamanes
906 2135 1032 2195 quoquc

70 2204 313 2279 solemniores,
329 2219 392 2262 non
407 2203 503 2277 partis
518 2204 667 2278 amissae,
682 2219 743 2262 non
759 2203 865 2263 linium
881 2202 1030 2263 iacturam

24 2357 25 2364 ἵ
71 2293 222 2361 querentes,
244 2287 304 2348 sed
325 2293 419 2347 totam
438 2285 652 2346 Athamaniam
673 2286 731 2346 sub
751 2285 801 2346 ius
821 2285 1033 2361 indiciumque

71 2363 133 2438 regis
143 2370 279 2441 venisse;
295 2375 327 2429 et
336 2368 554 2430 Maronitarum
567 2370 692 2430 exsules
705 2403 746 2414 -
758 2376 845 2430 erant
855 2369 948 2444 pulsi,
961 2367 1034 2443 quia

71 2444 190 2513 ubertatis
210 2469 338 2514 causam
359 2451 573 2514 defendissent
593 2452 633 2512 ab
656 2453 742 2529 regio
764 2452 989 2528 praesidio-2
1011 2449 1033 2509 ii

25 2601 26 2612 ἵ
71 2541 116 2590 non
128 2533 298 2597 Maroneam
318 2535 412 2596 modo
432 2533 594 2596 sedetiam
607 2537 728 2596 Aenum
743 2535 773 2594 in
788 2541 941 2611 potestate
954 2550 1032 2594 nun·

25 2615 27 2696 l
72 2609 162 2678 labant
175 2635 246 2681 esso
256 2617 400 2696 Philippi.
420 2626 569 2680 uenerant
583 2625 613 2679 et
623 2636 642 2678 a
651 2619 792 2693 Philippo
807 2617 899 2692 legati
911 2617 950 2676 ad
962 2632 1033 2690 pur-

25 2705 27 2754 t
72 2699 150 2765 ttnda
167 2719 218 2778 ea,
241 2704 295 2780 qui
314 2702 388 2762 nihil
408 2703 468 2762 nisi
481 2699 636 2778 permissu
650 2703 857 2762 Romanorum
870 2700 1033 2774 imperato-

25 2763 27 2848 l
73 2791 121 2839 lum
139 2785 247 2847 laetum
272 2786 489 2847 adfirmabant:
520 2784 659 2846 civitates
678 2783 895 2845 Thessalorum
914 2783 1033 2845 et-Per-

25 2849 27 2920 Ι
73 2859 229 2934 rhaeborum
252 2876 283 2930 et
297 2869 471 2944 Magnetum
486 2878 516 2931 et
530 2883 598 2929 crun
613 2869 814 2948 Amynandro
828 2868 1034 2930 Athamanum

74 2951 169 3012 tentem
188 2953 218 3013 in
240 2953 348 3014 eadem
375 2968 471 3015 causa
496 2968 559 3028 qua
577 2954 707 3013 Aetolos
733 2952 844 3025 tuisse;
880 2950 1034 3012 Antiocho

26 3037 27 3082 ἕ
74 3039 129 3100 ¹080
138 3035 221 3108 pulso
234 3044 420 3112 occupatum
431 3036 649 3114 oppugnandis
660 3035 807 3097 Aetolicis
819 3035 947 3097 urbibus
960 3051 1032 3094 con-

26 3115 29 3244 l
75 3111 151 3175 talem
173 3121 212 3179 ad
235 3119 433 3196 recipiendas
459 3136 513 3186 aas
539 3119 678 3181 civitates
698 3118 872 3196 Philippum
893 3117 1033 3186 misisse;

76 3198 146 3258 ants
159 3203 302 3269 subactos
317 3219 437 3280 parere.
459 3211 586 3265 senatus
600 3219 639 3264 ne
656 3203 730 3280 quid
743 3203 871 3264 absente
884 3217 958 3278 rege
973 3209 1033 3262 sta·

27 3247 28 3326 l
76 3278 163 3356 tuerat,
183 3287 300 3363 legatos
322 3289 363 3350 ad
383 3303 438 3349 eas
460 3288 689 3348 controversias
711 3285 932 3362 disceptandas
953 3282 1035 3343 misit

77 3354 101 3427 0·
113 3361 261 3432 Caecilium
279 3371 435 3433 Metellum
454 3371 495 3431 M.
510 3371 657 3432 Baebium
677 3369 868 3446 Tamphilum
887 3368 931 3427 Ti.
946 3365 1033 3425 Sem·

77 3448 200 3512 ironiam.
234 3470 362 3532 quorum
388 3455 445 3516 sub
471 3456 634 3516 adventum
660 3454 700 3513 ad
718 3452 896 3512 Tbessalioa
920 3447 1034 3520 Tempe
