2328 3870
178 208 241 272 too
357 206 473 268 umus
486 205 561 266 xit
583 205 667 266 car.
680 213 745 268 ar.
768 207 805 285 [s.
820 211 856 264 o.
871 228 895 264 ο.
909 207 969 283 srr]

172 360 375 438 praesidium
397 367 428 420 ct
442 357 530 419 simul
544 373 584 416 ex
599 356 740 418 omnibus
752 357 829 417 locis
841 357 881 417 ad
892 365 989 417 castra
998 358 1123 432 recipien-
1160 345 1161 354 ’

171 447 213 506 da
227 443 471 519 demendamque
487 441 683 516 ignominiam
695 441 789 500 rediri
802 448 943 515 coeptum
955 447 1009 500 est.
1034 439 1124 501 tribuni

171 527 300 589 militum
312 527 421 588 tertiae
431 525 560 600 legionis
572 523 718 600 pabulum
729 523 873 599 lignaque
884 524 1020 598 proicere
1029 523 1123 596 iubent,
1160 535 1161 538 ’

172 610 400 672 centurionibus
421 611 584 684 imperant,
604 614 638 668 ut
651 607 810 682 graviores
825 613 923 668 aetate
937 607 1040 668 milites
1052 606 1123 668 binos

171 697 201 756 in
217 711 254 755 ea
268 695 414 765 iumenta,
437 707 475 752 ex
492 693 604 768 quibus
618 707 715 752 onera
728 690 848 752 deiecta
862 698 962 764 crant,
982 689 1124 766 imponant,

170 780 290 855 equites
310 784 344 838 ut
362 777 501 851 singulos
516 791 534 835 e
549 774 712 836 iuvenibus
732 775 850 851 pedites
872 789 977 834 secum
995 774 1024 834 in
1045 789 1123 849 equos

171 863 285 924 tollant
308 861 462 936 egregiam
475 860 602 935 gloriam
616 859 746 934 legionis
761 859 836 931 lora,
851 858 877 918 si
893 865 993 918 castra
1005 865 1078 918 matu
1087 873 1124 918 se

171 945 382 1006 condanorum
400 944 514 1004 ambra
528 959 587 1004 suo
600 943 711 1004 virtute
724 938 880 1016 recipiunt.
909 949 940 1002 at
952 942 1043 1017 recipi
1056 940 1124 1000 tacite

171 1045 258 1102 esse,
280 1027 307 1089 si
327 1029 357 1088 in
380 1028 495 1105 praeda
514 1026 656 1104 occupati
672 1025 792 1086 barbari
806 1024 908 1086 subito
924 1023 1124 1102 opprimantuc

172 1113 251 1174 sicut
265 1112 416 1188 ceperint,
439 1125 534 1186 posse
552 1110 630 1186 capi.
652 1125 770 1170 summa
783 1108 910 1169 militum
924 1110 1071 1170 alacritate
1085 1106 1124 1166 ad·
1159 1113 1161 1166 ἐ

171 1197 301 1258 hortatio
317 1195 422 1258 andita
436 1202 493 1256 est.
520 1196 621 1255 lerunt
634 1193 716 1253 citati
730 1193 833 1267 signa,
853 1207 909 1252 nec
924 1192 1079 1268 signiferos
1091 1206 1126 1250 ar·
1160 1191 1161 1198 ³

171 1281 242 1341 mati
263 1287 428 1341 morantur.
458 1279 576 1354 priores
589 1286 692 1339 minan
707 1277 816 1337 consul
831 1275 1016 1352 copiaeque,
1037 1288 1127 1351 quaer

170 1364 246 1424 mari
265 1363 504 1433 reducebantur,
529 1362 570 1422 ad
584 1363 698 1421 vallum
713 1367 920 1421 accesserunt
947 1360 981 1419 L.
996 1361 1077 1420 Atius
1089 1358 1127 1418 tn'·

169 1447 271 1507 hunus
284 1447 400 1521 primus
414 1445 571 1504 secundae
585 1444 715 1519 legionis
729 1461 791 1505 non
802 1444 982 1506 hortabatur
992 1443 1076 1504 modo
1087 1441 1127 1500 rni-
1160 1503 1161 1524 2

169 1529 253 1603 lites,
275 1529 331 1589 sed
345 1527 477 1587 docebat
491 1528 595 1601 etiam,
612 1526 639 1588 si
653 1529 786 1588 victores
800 1528 908 1602 Histri,
932 1528 1041 1604 quibus
1055 1523 1127 1586 arnis
1160 1583 1161 1586 ,

170 1612 328 1688 cepissent
342 1619 451 1684 castra,
466 1611 576 1671 iisdem
590 1619 681 1687 capta
693 1612 825 1671 retinere
839 1612 868 1672 in
881 1611 983 1672 animo
995 1610 1128 1678 baberent,

170 1696 300 1772 primum
328 1703 453 1756 exutum
481 1695 589 1756 castris
614 1695 735 1755 bostem
760 1695 800 1754 ad
824 1710 906 1755 marc
932 1702 1128 1770 persecuturos

169 1779 282 1854 luisse,
305 1780 417 1840 deindo
437 1779 585 1840 stationes
607 1786 688 1840 certe
707 1795 764 1854 pro
785 1780 866 1840 vallo
880 1778 1053 1840 babituros:
1074 1776 1129 1834 vino

170 1880 341 1941 somnoque
363 1864 428 1924 veri
449 1863 548 1924 simile
567 1879 640 1924 esse
653 1877 774 1924 mersos
788 1863 898 1924 iacere.
922 1863 977 1922 tv.
1001 1861 1055 1922 sub
1070 1859 1130 1918 hacc

168 1948 434 2011 A.Baeculonium
444 1948 623 2022 signiferum
634 1963 733 2018 suum,
742 1952 832 2006 notae
843 1945 1029 2008 tortitudinis
1041 1945 1130 2014 virum,

169 2034 282 2093 interra
296 2032 416 2106 signum
430 2030 529 2091 iussit.
561 2031 626 2104 ille,
650 2030 677 2090 si
689 2046 784 2091 unum
798 2045 834 2089 sc
848 2037 1065 2106 sequerentur,
1083 2040 1131 2102 quo

170 2117 299 2176 celerius
318 2115 406 2174 fleret
421 2116 570 2174 iacturum
583 2114 676 2182 dixit3
698 2114 888 2189 conisusque
903 2129 974 2174 oum
988 2121 1069 2174 trans
1083 2109 1131 2168 val·

169 2198 232 2257 lum
252 2197 373 2270 signum
392 2196 578 2270 traiecisset,
600 2197 716 2272 primus
736 2197 871 2258 omnium
887 2205 1007 2272 portam
1021 2193 1132 2258 intravit.

169 2287 199 2339 et
219 2287 306 2355 parte
327 2278 387 2338 alia
400 2280 432 2338 T.
448 2287 478 2338 et
493 2279 524 2338 c.
538 2280 617 2340 Aelii
634 2280 745 2340 tribuni
760 2281 883 2341 militum
900 2282 1007 2341 tertiae
1020 2276 1133 2354 legionis

170 2377 239 2422 cum
254 2361 390 2436 equitatu
403 2362 580 2423 adveniunt.
601 2363 763 2424 confestim
775 2372 806 2425 et
818 2379 896 2439 quos
908 2364 1000 2426 binos
1012 2359 1135 2425 oneraria

169 2445 199 2505 in
214 2447 347 2506 iumenta
361 2446 571 2521 imposuerant
583 2448 689 2519 secuti,
705 2449 854 2508 etcousul
865 2464 934 2509 cum
944 2455 1010 2510 toto
1021 2446 1134 2522 agmine.

170 2537 199 2590 st
219 2529 391 2590 Histrorum
406 2530 512 2606 pauci,
539 2531 591 2606 qui
611 2531 732 2590 modice
753 2531 823 2591 vino
837 2534 1135 2604 usierant,memores

170 2615 290 2676 luerunt
310 2615 415 2690 bigas,
436 2614 504 2674 aliis
519 2629 628 2676 somno
644 2631 727 2675 mors
743 2613 918 2676 continuata
934 2623 998 2686 est;
1021 2615 1135 2687 integra·

169 2714 230 2773 que
251 2714 309 2758 sua
330 2699 431 2758 omnia
444 2699 589 2771 Romani,
612 2706 825 2774 praeterquam
846 2700 931 2774 quod
950 2699 1014 2758 vini
1030 2697 1136 2769 cibique

168 2781 363 2856 absumptum
378 2789 452 2854 erat,
466 2788 658 2856 receperunt.
680 2781 763 2856 aegri
779 2783 1037 2858 quoquemitites,
1053 2777 1137 2856 quiin

169 2863 278 2923 castris
291 2864 388 2923 relicti
402 2865 536 2937 lucrant,
550 2873 716 2941 postquam
731 2864 808 2926 intra
822 2867 935 2928 vallum
952 2881 1028 2926 suos
1044 2874 1138 2926 sense

167 2951 247 3017 runt,
255 2946 347 3004 armis
359 2948 488 3021 arreptis
501 2947 627 3008 caedem
638 2949 791 3023 ingentem
803 2950 949 3010 iecerunt.
964 2956 1139 3010 anteonmes

168 3027 297 3101 insignis
317 3043 414 3104 opera
433 3030 488 3089 tuit
503 3030 534 3089 c.
549 3029 668 3106 Popillii
683 3031 811 3106 equitis=
835 3032 957 3094 Sabello
978 3041 1139 3108 cognomen

169 3117 242 3170 erat.
270 3111 298 3172 is
318 3112 399 3188 pede
414 3113 520 3174 saucio
535 3115 660 3174 relictus
677 3116 769 3191 longe
784 3117 932 3191 plurimos
947 3117 1083 3176 hostiurn
1095 3123 1139 3172 oc·

168 3193 249 3255 cidit.
279 3195 319 3254 nd
340 3203 409 3255 octo
428 3197 509 3257 milia
522 3196 694 3258 Histrorum
709 3207 782 3260 sunt
796 3215 902 3273 caesa,
925 3207 1035 3274 captus
1050 3207 1142 3265 nemo,

167 3275 241 3353 quia
254 3278 300 3337 ira
310 3285 340 3338 et
350 3279 516 3354 indignatio
531 3281 724 3343 immemores
735 3283 871 3357 praedae
880 3283 960 3345 iecit.
980 3297 1039 3342 rex
1049 3289 1141 3346 tamffl

169 3361 339 3421 Histrorum
354 3364 536 3423 temulentus
548 3379 587 3422 ex
599 3362 750 3440 convivio,
764 3367 874 3442 raptim
886 3383 904 3426 a
917 3364 980 3427 suis
994 3366 1026 3426 in
1037 3374 1143 3439 equum

168 3442 344 3519 impositus,
370 3444 455 3520 fugit.
487 3461 526 3504 ex
548 3445 716 3508 victoribus
742 3448 864 3510 ducenti
888 3449 1009 3525 triginta
1032 3452 1144 3524 septem
