2328 3870
162 197 224 262 110
344 191 459 252 urana
472 191 547 252 xm.
571 191 732 255 clusa
754 195 789 264 [ι.
803 194 836 246 o.
849 189 943 256 asro

161 348 217 406 bus
231 344 358 416 Martiis,
376 359 437 418 quo
453 341 503 404 die
516 341 717 418 Sempronius
729 339 931 412 Claudiusque
945 333 1110 395 consulatum
1157 357 1158 420 1

160 431 299 502 inierunt,
316 429 428 489 mentio
445 435 560 488 tantum
574 427 612 486 de
628 424 795 502 provinciis
810 419 948 483 Sardinia
961 414 1112 486 Histriaque
1157 421 1158 424 ’

160 521 190 574 et
202 514 364 588 utriusque
372 510 516 574 hostibus
527 510 591 584 luit,
603 511 655 584 qui
667 509 696 570 in
708 509 757 570 his
768 503 932 584 provinciis
941 500 1043 560 bellum
1053 511 1109 556 con-

161 597 315 658 civissent.
339 603 464 672 postero
480 593 530 654 die
545 594 636 668 legati
654 593 832 666 Sardorum,
846 589 897 666 qui
912 586 950 646 ad
960 597 1050 644 novos
1060 593 1109 638 ma·

159 682 303 756 gistratus
318 681 402 740 dilati
416 686 510 750 erunt,
526 685 557 740 et
569 677 602 737 L.
613 678 765 738 Minucius
781 676 937 745 Thermus,
953 667 1001 742 qui
1014 668 1119 755 legatus,
1157 731 1158 734 ¹

158 764 262 824 Manlii
278 764 413 825 consulis
428 763 458 822 in
472 761 586 822 Histria
599 763 711 833 luerat,
729 762 758 821 iu
771 765 909 822 senatum
924 751 1011 812 venit.
1031 746 1064 807 ab
1074 744 1113 802 lus
1156 785 1158 810 ,

159 848 289 908 edoctus
297 853 487 919 estsenatus,
496 851 640 921 quantum
652 843 786 905 bellicae
798 839 971 920 provinciae
981 832 1112 929 haberent
1156 811 1158 860 1

242 931 404 992 Moverunt
424 936 562 991 senatum
576 936 608 989 et
620 929 790 1004 legationes
806 927 924 989 socium
937 930 1058 980 nomrms
1069 911 1111 970 La-

158 1013 228 1086 tini,
255 1031 334 1090 quae
354 1022 385 1075 et
406 1027 551 1076 censores
573 1021 604 1074 et
623 1013 742 1089 priores
765 1012 910 1075 consules
930 1001 1112 1078 fatigaverant,

159 1099 281 1160 tandem
294 1100 324 1160 in
340 1106 479 1159 senatum
493 1098 693 1158 introductae.
716 1111 835 1156 summa
851 1089 1045 1170 querellarum
1057 1083 1115 1149 erat
1155 1077 1158 1146 Ι

160 1182 244 1244 cives
255 1182 455 1246 suosRornae
466 1196 579 1242 censos
590 1180 894 1256 plerosqueRomam
905 1167 1115 1242 commigrasset

160 1265 244 1340 quod
259 1268 285 1327 si
301 1266 505 1342 permittatur,
526 1265 691 1340 perpaucis
705 1265 811 1326 lustris
827 1264 957 1323 laturum
971 1260 1002 1314 ut
1015 1250 1114 1310 deserta

159 1349 291 1423 oppida,
312 1349 426 1408 deserti
443 1349 509 1422 agri
529 1349 643 1408 nullum
664 1347 786 1408 militem
809 1349 884 1407 dare
904 1343 1034 1419 possent.
1059 1329 1113 1390 Fre
1156 1319 1158 1426 1

158 1432 255 1504 gellus
277 1446 401 1507 quoque
419 1430 501 1490 milia
522 1438 663 1506 quattuor
683 1431 866 1491 familiarum
886 1420 1029 1488 transisse
1042 1413 1112 1474 absc

160 1513 311 1574 Samnites
323 1513 502 1589 Pelignique
517 1513 729 1589 querebantur,
746 1529 849 1590 neque
859 1528 897 1574 eo
909 1495 1114 1588 minusauthos
1156 1501 1158 1532 ⁸

158 1603 210 1656 aut
230 1598 300 1658 illos
321 1597 351 1656 in
367 1596 511 1658 dilectum
530 1595 655 1658 militum
670 1598 755 1658 dare.
780 1611 896 1672 genera
910 1599 1007 1653 autem
1021 1577 1114 1676 fraudu

159 1680 220 1739 duo
236 1680 398 1742 mactandae
412 1680 522 1741 viritim
536 1681 665 1741 civitatis
680 1681 804 1742 inducta
819 1686 916 1742 erant.
937 1677 985 1736 lex
998 1665 1079 1730 sociis
1088 1673 1116 1718 ac

159 1763 291 1825 nominis
311 1764 424 1837 Latini,
450 1765 502 1838 qui
524 1765 648 1840 stirpem
669 1781 710 1824 ex
732 1780 803 1826 sese
824 1763 907 1827 domi
927 1751 1115 1837 relinquerent
1156 1777 1158 1814 t

159 1847 265 1922 dabat,
286 1856 319 1908 ut
338 1848 423 1908 cives
436 1847 565 1908 Romani
586 1847 704 1909 fierent.
737 1865 774 1908 ea
788 1849 857 1923 lege
870 1846 949 1908 male
962 1835 1066 1904 utendo
1079 1829 1117 1888 alt
1153 1815 1158 1900 1

159 1932 263 2004 sociis,
279 1932 328 1992 alii
345 1933 461 2007 populo
475 1932 614 1993 Romano
630 1931 770 1992 iniuriam
786 1931 949 1993 faciebant
975 1937 1040 1986 uam
1052 1921 1116 1977 etnc
1154 1901 1158 1988 1

159 2015 285 2090 stirpem
300 2015 383 2075 domi
397 2013 612 2090 relinquerent,
627 2015 742 2076 liberos
754 2031 830 2076 suos
843 1999 1116 2096 qmbusqrubuslltr
1156 2011 1158 2088 1

158 2098 256 2157 munis
271 2098 301 2156 in
317 2112 384 2156 eam
400 2098 621 2170 condicionem,
636 2106 670 2158 ut
682 2098 973 2168 manumitterentur,
986 2093 1118 2157 mancrl¹⁰

159 2180 288 2252 dabant,
308 2179 501 2255 libertinique
522 2181 605 2240 cives
626 2190 747 2252 essent;
774 2191 805 2244 et
828 2182 942 2257 quibus
963 2178 1066 2250 stirpes
1079 2167 1118 2226 de·

159 2271 257 2336 esset,
286 2278 378 2338 quam
401 2262 622 2338 relinquerent,
651 2274 685 2327 ut
709 2266 793 2326 cives
818 2263 950 2328 Romani
974 2245 1119 2322 fiebam*-
1155 2241 1158 2336 1

78 2380 80 2384 -
159 2351 270 2421 postea
291 2345 339 2406 his
362 2361 487 2422 quoque
509 2348 692 2424 imaginibus
714 2348 788 2411 iuris
810 2352 940 2426 spretis,
967 2339 1120 2423 promiscue
1154 2331 1158 2422 1

159 2428 227 2491 sine
247 2431 330 2505 lege,
352 2431 418 2491 sine
439 2431 535 2506 stirpe
555 2432 585 2493 in
607 2434 757 2495 civitatem
772 2435 944 2496 Romanam
964 2445 1017 2507 per
1030 2423 1119 2495 missi·
1157 2455 1158 2492 3

157 2511 270 2573 tionem
284 2521 315 2575 et
329 2529 455 2575 censum
469 2517 647 2578 transibant.
670 2518 747 2578 haec
761 2533 800 2578 ne
814 2527 927 2592 postea
941 2516 1044 2576 fierent
1054 2508 1120 2582 pell
1157 2569 1158 2574 ,

157 2597 232 2658 bant
242 2596 341 2672 legati,
354 2607 386 2659 et
396 2606 431 2660 ut
440 2600 541 2660 redire
552 2600 582 2659 in
594 2601 733 2663 civitates
744 2601 884 2663 iuberent
894 2598 1015 2666 socios;
1029 2584 1123 2652 deinde

157 2688 191 2740 ut
208 2683 276 2756 lege
298 2689 455 2758 caverent,
476 2700 515 2745 ne
531 2685 600 2758 quis
616 2701 706 2760 quern
722 2685 853 2747 civitatis
868 2682 1031 2746 mutandae
1044 2679 1123 2735 causa

159 2779 248 2823 suum
264 2766 378 2827 laceret
391 2781 470 2827 neve
484 2767 644 2838 alienaret;
667 2769 739 2829 etsi
755 2770 824 2845 quis
839 2769 880 2830 ila
896 2768 974 2830 civis
984 2765 1123 2825 Ronanus

158 2847 257 2906 lactus
273 2857 365 2920 esset,
379 2852 451 2910 ciuis
464 2868 502 2910 nc
513 2857 596 2912 esset
619 2850 695 2911 haec
710 2853 870 2928 impetrata
884 2853 924 2912 ab
939 2856 1053 2912 senatu.

241 2931 291 2989 IX.
312 2930 492 2992 Provinciae
508 2933 635 3007 deinde,
651 2936 775 3011 quaein
791 2938 871 2997 bello
887 2942 983 3008 erant,
999 2919 1123 3012 Sardinia⁰

158 3019 250 3105 atque
263 3014 376 3075 Histria
391 3016 543 3078 decretae.
570 3018 600 3076 in
616 3017 787 3081 Sardiniam
802 3019 882 3082 duae
896 3019 1034 3094 legiones
1047 3003 1124 3094 scrib}

157 3109 275 3190 russas,
298 3097 392 3173 quina
405 3100 487 3161 milia
500 3102 530 3161 in
546 3103 683 3178 singulas
698 3112 729 3166 et
742 3103 852 3166 duceni
867 3103 1003 3179 pedites,
1026 3099 1124 3179 trecen

158 3187 295 3277 equ¹}0§r
316 3190 347 3242 et
365 3183 529 3246 duodecim
548 3187 630 3248 milia
650 3189 786 3264 peditum
808 3190 965 3251 sociorum
985 3199 1021 3245 ac
1040 3172 1124 3239 naun

158 3277 305 3359 nummus,
321 3272 351 3325 et
365 3271 502 3331 sexcenti
518 3271 648 3348 equites,
664 3279 694 3333 et
708 3273 814 3334 decern
832 3273 1066 3350 quinqueremes
1080 3269 1125 3316 na·

158 3359 226 3440 ves,
238 3363 264 3405 sr
280 3347 432 3412 deducere
447 3369 487 3412 ex
505 3356 663 3418 navalibus
678 3357 778 3418 vellet.
802 3355 988 3419 tantumdem
1003 3345 1125 3426 peditum

156 3434 354 3508 equatumque
368 3435 398 3493 in
409 3435 561 3514 Histriam,
579 3448 725 3516 quantum
736 3441 766 3499 in
776 3439 957 3513 Sardiniam,
972 3434 1126 3495 decretum·
