2368 3858
351 727 700 814 laturario.

450 925 608 936 —----—

26 1104 31 1110 “
58 1057 84 1148 'n
97 1101 192 1153 edendis
205 1103 233 1154 T.
246 1103 314 1152 Livii
331 1103 478 1168 fragmentis
497 1120 552 1154 eam
570 1107 692 1155 rationem
708 1115 809 1156 secutus
821 1122 886 1167 sum,
905 1118 933 1158 ut
945 1126 1017 1176 repe·

57 1169 118 1218 tenda
134 1185 244 1220 curarem
263 1186 307 1232 ea,
327 1187 391 1234 quae
409 1188 424 1221 a
441 1173 567 1237 prioribus
584 1175 720 1223 editoribus
739 1183 796 1223 suut
814 1175 916 1226 collecta
935 1180 1017 1228 citatis

9 1249 12 1300 ι
56 1239 168 1287 autoribus
185 1241 228 1303 qui
245 1255 276 1290 ea
291 1240 331 1292 vel
346 1249 476 1290 servarunt
490 1242 531 1290 vel
547 1243 823 1307 explicavemnt,.nova
837 1259 886 1294 non
899 1245 1018 1296 adderem

9 1301 15 1436 p
57 1307 95 1352 nisi
109 1321 184 1369 pauca
202 1323 266 1370 quae
283 1309 350 1358 Livii
369 1323 424 1359 esse
440 1320 578 1375 constaret,
600 1311 650 1360 alia
666 1325 730 1374 qnae
749 1310 856 1361 fortasse
872 1316 1018 1379 recipienda

56 1374 147 1438 cuipiam
164 1377 290 1438 videntur,
310 1378 478 1429 excluderem.
510 1379 667 1441 Quamquam
685 1381 750 1429 enim
770 1380 878 1431 dubitari
897 1397 947 1432 non
960 1393 1017 1448 pot-

9 1445 11 1490 l
55 1449 93 1502 est,
107 1445 162 1505 quin
172 1445 277 1495 Orosius
290 1459 337 1496 sua
351 1461 469 1512 magnam
481 1456 576 1511 partem
588 1463 601 1496 e
611 1449 683 1497 Livio
699 1449 812 1498 hauserit
824 1477 858 1486 —
868 1451 901 1503 cl.
917 1452 1016 1504 Theod.

9 1491 14 1552 i
56 1509 79 1557 de
89 1510 195 1562 Moerner
205 1515 236 1563 de
249 1513 334 1563 Orosii
344 1517 396 1564 vita
411 1517 515 1578 eiusque
528 1516 689 1566 historIarum
700 1518 771 1566 libris
784 1525 881 1583 septem
894 1521 1017 1570 adversus

9 1555 17 1706 Ρ
54 1592 150 1643 paganos
167 1583 367 1647 disputationem
384 1598 410 1648 p.
425 1583 476 1634 104
487 1599 542 1646 sqq.
560 1594 584 1634 et
596 1584 693 1634 Ottonis
711 1589 953 1643 commentationem,
973 1604 1017 1637 an-

53 1648 135 1699 nalibus
144 1652 369 1718 Marburgensibus
379 1667 402 1704 a.
415 1649 483 1702 1850
492 1668 518 1702 n.
529 1652 563 1704 41
574 1669 629 1716 sqq.
639 1655 891 1704 insertam-tamen
904 1671 960 1704 cum
974 1659 1018 1704 vix

10 1711 11 1764 l
55 1713 145 1768 discerni
162 1729 250 1782 queat,
275 1734 339 1782 quae
361 1721 420 1770 inde
438 1722 570 1786 petIverit‚
597 1735 711 1784 quaeque
730 1737 780 1771 non
798 1731 893 1771 mutata
910 1724 937 1772 in
955 1739 1018 1772 suos

53 1783 115 1836 libros
136 1792 277 1854 receperit,
303 1799 346 1837 ant
363 1791 449 1838 omnia
468 1789 520 1838 lere
539 1801 609 1839 erant
628 1790 783 1839 admittenda
801 1799 845 1839 aut
862 1805 892 1839 ea
910 1799 1018 1854 tantum,

53 1867 104 1913 quae
116 1871 130 1904 a
141 1858 211 1908 Lirin
224 1874 254 1907 se
272 1858 413 1922 sumpsisse
431 1857 563 1922 protessus
576 1866 622 1908 est.
654 1858 685 1904 Et
699 1857 762 1906 illud
774 1858 877 1919 quidem
894 1873 951 1908 cum
967 1873 1017 1907 non

52 1933 124 1985 posset
136 1941 185 1976 non
202 1927 330 1976 lubricum
349 1934 374 1975 et
392 1941 484 1991 anceps
503 1927 583 1975 videri
599 1926 713 1990 priorum
729 1927 855 1974 editorum
871 1928 1017 1992 exemplum

52 2002 137 2044 secutus
152 2011 236 2060 pauca
253 1995 331 2044 modo
348 2011 380 2044 ex
400 1995 482 2045 Orosii
498 1995 569 2044 librIs
587 1995 652 2043 iuter
668 1994 735 2043 Livii
750 1993 892 2059 fragmenta
908 1997 1019 2046 referen-

53 2059 77 2107 da
98 2067 186 2126 putavi.
223 2065 340 2113 Eandem
366 2065 489 2113 radonem
512 2064 538 2111 in
563 2063 628 2112 Iulio
653 2062 811 2125 Obsequente
835 2072 859 2112 et
883 2063 1019 2114 Plutarcho

52 2133 115 2195 tenui,
132 2135 178 2182 etsi
193 2135 286 2200 negari
304 2147 355 2182 non
373 2140 457 2196 potest
474 2131 551 2180 multo
564 2131 638 2195 plura
647 2132 678 2180 ab
689 2133 722 2180 ils
737 2132 832 2182 eLivio
842 2147 898 2182 esse
908 2143 1017 2198 sumpta.

50 2194 79 2246 Ile
99 2202 127 2250 iis
151 2217 216 2265 quae
246 2215 316 2250 nunc
340 2202 452 2265 pulmum
477 2201 619 2250 adiicienda
648 2201 799 2250 videbantur
827 2216 910 2266 pauca
936 2203 1018 2252 babeo

51 2279 103 2326 quae
117 2271 205 2321 dicam.
244 2271 279 2320 Et
297 2271 324 2318 in
346 2276 437 2332 quarto
462 2269 565 2331 quidem
587 2269 727 2334 fragmento
748 2271 780 2319 ab
799 2271 909 2334 Hauptio
928 2273 961 2323 V.
980 2269 1019 2322 Cl.

49 2351 149 2420 brento,
164 2371 222 2406 cnm
239 2357 269 2404 in
286 2355 375 2404 codice
393 2355 515 2418 scriptum
534 2362 600 2403 esset
616 2355 668 2418 idq.
687 2356 780 2404 sentire
795 2336 869 2405 uirbis
883 2350 960 2430 ,pppfi
976 2355 1020 2404 de-

50 2437 189 2498 credendum,
211 2439 243 2488 tl.
255 2437 383 2486 Hermann
401 2438 543 2488 emendavit
560 2438 654 2502 „idque
671 2437 858 2500 Centuripomm
874 2438 944 2487 urbm
959 2451 1020 2499 pro·

48 2506 141 2570 quoquae
151 2509 204 2570 fide
219 2503 402 2570 credendum“‚
422 2521 497 2568 quam
515 2507 692 2563 coniecturam,
711 2520 767 2554 cnm
781 2506 886 2554 meliora
896 2520 946 2554 non
959 2519 1019 2567 sup-

48 2581 155 2637 peterent,
168 2577 269 2640 recepi,
282 2575 315 2624 cl.
327 2575 457 2639 Kreyssig.
476 2575 504 2622 T.
515 2575 581 2624 Livii
592 2575 633 2622 ab.
646 2574 700 2622 urb.
713 2573 787 2623 cond.
799 2573 863 2622 liber
873 2573 1019 2621 tricesimus

48 2645 121 2694 tertius
142 2660 168 2710 p.
189 2643 304 2694 CXXIII.
338 2645 366 2692 In
385 2643 528 2707 fragmento
551 2641 678 2690 tricesimo
703 2643 790 2703 quinto
810 2655 870 2689 num
886 2656 916 2689 ea
934 2641 1019 2703 verba,

49 2725 101 2772 quae
119 2714 253 2778 descripsi,
271 2711 326 2760 sole
342 2713 392 2760 sint
407 2712 484 2770 Livii,
502 2725 535 2759 an
553 2709 603 2758 alia
621 2709 715 2758 luerint
731 2709 857 2774 addenda,
874 2711 919 2760 vix
936 2716 1021 2772 potest

47 2791 155 2836 constare.
184 2783 368 2846 Fragmentum
386 2779 627 2829 duodetricesimum
640 2777 724 2828 Ottoni
742 2779 877 2828 obsecutus
893 2779 1019 2842 recipien-

48 2848 96 2898 dum
115 2853 218 2916 putavi,
244 2865 302 2900 cum
320 2850 386 2898 alius
404 2857 479 2911 atque
498 2848 563 2898 Livii
579 2849 657 2897 nostri
673 2848 717 2896 illa
733 2849 810 2896 verba
828 2849 870 2896 vix
887 2861 942 2896 esse
959 2861 1019 2910 pos-

46 2918 98 2966 sint:
117 2928 229 2970 ceterum
246 2933 297 2968 non
317 2925 424 2975 constat,
443 2931 503 2966 num
520 2931 561 2968 vv.
580 2931 626 2966 nee
642 2918 758 2967 Inmerito
774 2932 829 2979 sqq.
843 2918 934 2982 etipsa
946 2916 1020 2964 Livio

46 2985 171 3040 debeantur
183 3005 217 3038 an
231 2987 394 3038 scholiastae.
414 2987 454 3036 Fnr
465 2985 555 3035 eodem
566 2984 636 3034 fonte
647 2987 727 3050 petita
738 2996 796 3035 sunt
807 2986 947 3050 fragmenta
957 2999 1019 3046 qua-

46 3054 207 3120 dragesimum
220 3066 246 3106 et
260 3055 485 3120 quadragesimum
502 3055 620 3118 primurn,
637 3055 663 3102 in
674 3056 766 3117 quibus
777 3053 916 3104 scholiasta
928 3065 1020 3101 nornen

45 3126 164 3190 scriptoris
177 3127 276 3192 posuit,
295 3125 364 3188 quod
379 3124 412 3172 ad
426 3137 492 3186 qnae
504 3123 617 3171 additum
633 3136 682 3172 non
699 3133 746 3184 est,
764 3125 812 3174 etsi
824 3122 908 3172 Ottoni
921 3137 935 3170 e
946 3119 1020 3168 Livio

44 3195 154 3244 nonnulla
173 3202 278 3259 sumpta
296 3197 350 3244 iure
370 3193 478 3242 fortasse
496 3191 628 3254 videntur,
647 3206 676 3241 ea
694 3200 792 3256 tamen,
810 3192 879 3254 quod
896 3191 923 3238 id
939 3189 1019 3236 incer-

43 3268 87 3310 tum
104 3273 150 3323 est,
168 3265 305 3314 admittere
319 3262 441 3312 dubitavi.
465 3260 705 3322 Quinquagesintnm
720 3263 834 3322 quintum
848 3259 1019 3322 fragmentum

43 3329 264 3384 aSehneidewino
288 3333 320 3382 V.
342 3330 525 3393 campanum
549 3337 572 3376 et
590 3327 608 3380 l.
623 3329 641 3378 l.
662 3329 815 3393 explicatum
836 3336 874 3373 est
893 3334 1019 3400 et'emen-

43 3397 129 3460 tatum,
145 3417 209 3451 nam
226 3401 304 3450 verba
316 3400 428 3450 Romano
443 3404 467 3446 et
483 3397 556 3458 pacis
573 3395 725 3456 abundantia
743 3398 797 3445 iure
813 3393 885 3442 Livio
903 3389 1020 3439 videntur

41 3467 185 3524 abiudicari.
219 3469 398 3536 Fragmentum
409 3465 711 3532 duodeseptuagesimum
724 3473 748 3511 et
759 3461 889 3569 seqpentia
905 3471 960 3506 cum
973 3455 1019 3530 ¹Iai-

773 3542 789 3577 a
