<?xml version="1.0" encoding="UTF-8"?>
<!DOCTYPE html PUBLIC "-//W3C//DTD XHTML 1.0 Transitional//EN"
    "http://www.w3.org/TR/xhtml1/DTD/xhtml1-transitional.dtd">
<html xmlns="http://www.w3.org/1999/xhtml" xml:lang="en" lang="en">
 <head>
  <title>
</title>
<meta http-equiv="Content-Type" content="text/html;charset=utf-8" />
  <meta name='ocr-system' content='tesseract 3.04.00' />
  <meta name='ocr-capabilities' content='ocr_page ocr_carea ocr_par ocr_line ocrx_word'/>
</head>
<body>
  <div class='ocr_page' id='page_1' title='image "./titiliviaburbec01livygoog_0312.png"; bbox 0 0 2368 3858; ppageno 0'>
   <div class='ocr_carea' id='block_1_1' title="bbox 179 211 1003 284">
    <p class='ocr_par' dir='ltr' id='par_1_1' title="bbox 179 211 1003 284">
     <span class='ocr_line' id='line_1_1' title="bbox 179 211 1003 284; baseline -0.011 -4"><span class='ocrx_word' id='word_1_1' title='bbox 179 215 242 280; x_wconf 73' lang='lat'>286</span> <span class='ocrx_word' id='word_1_2' title='bbox 350 211 569 275; x_wconf 75' lang='lat' dir='ltr'>Ltauaxiv.</span> <span class='ocrx_word' id='word_1_3' title='bbox 595 211 787 274; x_wconf 67' lang='lat' dir='ltr'>causaue</span> <span class='ocrx_word' id='word_1_4' title='bbox 810 215 1003 284; x_wconf 67' lang='lat' dir='ltr'>[amassai</span> 
     </span>
    </p>
   </div>
   <div class='ocr_carea' id='block_1_2' title="bbox 180 361 1178 946">
    <p class='ocr_par' dir='ltr' id='par_1_2' title="bbox 180 361 1178 946">
     <span class='ocr_line' id='line_1_2' title="bbox 181 361 1127 440; baseline -0.011 -8"><span class='ocrx_word' id='word_1_5' title='bbox 181 369 288 432; x_wconf 79' lang='lat' dir='ltr'>turbae</span> <span class='ocrx_word' id='word_1_6' title='bbox 302 384 365 429; x_wconf 92' lang='lat' dir='ltr'>non</span> <span class='ocrx_word' id='word_1_7' title='bbox 379 365 535 427; x_wconf 81' lang='lat' dir='ltr'>scenicum</span> <span class='ocrx_word' id='word_1_8' title='bbox 550 364 646 440; x_wconf 87' lang='lat' dir='ltr'>magis</span> <span class='ocrx_word' id='word_1_9' title='bbox 662 364 826 438; x_wconf 83' lang='lat' dir='ltr'>ludicrum,</span> <span class='ocrx_word' id='word_1_10' title='bbox 848 379 910 424; x_wconf 92' lang='lat' dir='ltr'>non</span> <span class='ocrx_word' id='word_1_11' title='bbox 925 361 1082 423; x_wconf 86' lang='lat' dir='ltr'>certamina</span> <span class='ocrx_word' id='word_1_12' title='bbox 1094 363 1127 423; x_wconf 90' lang='lat' dir='ltr'>ho</span> 
     </span>
     <span class='ocr_line' id='line_1_3' title="bbox 180 447 1140 525; baseline -0.011 -10"><span class='ocrx_word' id='word_1_13' title='bbox 180 455 294 516; x_wconf 89' lang='lat' dir='ltr'>minum</span> <span class='ocrx_word' id='word_1_14' title='bbox 308 458 361 513; x_wconf 87' lang='lat' dir='ltr'>aut</span> <span class='ocrx_word' id='word_1_15' title='bbox 380 449 530 512; x_wconf 80' lang='lat' dir='ltr'>eunicus</span> <span class='ocrx_word' id='word_1_16' title='bbox 544 464 702 525; x_wconf 86' lang='lat' dir='ltr'>equorum,</span> <span class='ocrx_word' id='word_1_17' title='bbox 725 463 816 524; x_wconf 90' lang='lat' dir='ltr'>quam</span> <span class='ocrx_word' id='word_1_18' title='bbox 832 447 947 522; x_wconf 88' lang='lat' dir='ltr'>praeda</span> <span class='ocrx_word' id='word_1_19' title='bbox 960 447 1140 507; x_wconf 82' lang='lat' dir='ltr'>Maoedonioa</span> 
     </span>
     <span class='ocr_line' id='line_1_4' title="bbox 181 530 1140 612; baseline -0.01 -13"><span class='ocrx_word' id='word_1_20' title='bbox 181 537 297 612; x_wconf 86' lang='lat' dir='ltr'>omnis,</span> <span class='ocrx_word' id='word_1_21' title='bbox 322 542 356 597; x_wconf 94' lang='lat' dir='ltr'>ut</span> <span class='ocrx_word' id='word_1_22' title='bbox 374 536 540 608; x_wconf 78' lang='lat' dir='ltr'><strong>viseretur,</strong></span> <span class='ocrx_word' id='word_1_23' title='bbox 564 530 708 608; x_wconf 85' lang='lat' dir='ltr'>exposita</span> <span class='ocrx_word' id='word_1_24' title='bbox 729 538 898 594; x_wconf 87' lang='lat' dir='ltr'>statuarum</span> <span class='ocrx_word' id='word_1_25' title='bbox 917 531 1140 606; x_wconf 85' lang='lat' dir='ltr'>tabularumque,</span> 
     </span>
     <span class='ocr_line' id='line_1_5' title="bbox 182 614 1141 691; baseline -0.008 -7"><span class='ocrx_word' id='word_1_26' title='bbox 182 622 326 684; x_wconf 76' lang='lat' dir='ltr'>textilium</span> <span class='ocrx_word' id='word_1_27' title='bbox 347 625 378 680; x_wconf 88' lang='lat' dir='ltr'>et</span> <span class='ocrx_word' id='word_1_28' title='bbox 398 633 543 679; x_wconf 88' lang='lat' dir='ltr'>vasorum</span> <span class='ocrx_word' id='word_1_29' title='bbox 558 633 598 678; x_wconf 90' lang='lat' dir='ltr'>ex</span> <span class='ocrx_word' id='word_1_30' title='bbox 612 631 687 676; x_wconf 91' lang='lat' dir='ltr'>auro</span> <span class='ocrx_word' id='word_1_31' title='bbox 703 622 734 676; x_wconf 91' lang='lat' dir='ltr'>et</span> <span class='ocrx_word' id='word_1_32' title='bbox 748 621 875 691; x_wconf 89' lang='lat' dir='ltr'>argento</span> <span class='ocrx_word' id='word_1_33' title='bbox 890 622 920 676; x_wconf 91' lang='lat' dir='ltr'>et</span> <span class='ocrx_word' id='word_1_34' title='bbox 933 630 1005 675; x_wconf 90' lang='lat' dir='ltr'>aere</span> <span class='ocrx_word' id='word_1_35' title='bbox 1019 621 1050 675; x_wconf 91' lang='lat' dir='ltr'><strong>et</strong></span> <span class='ocrx_word' id='word_1_36' title='bbox 1063 614 1141 676; x_wconf 87' lang='lat' dir='ltr'>ebore</span> 
     </span>
     <span class='ocr_line' id='line_1_6' title="bbox 181 697 1142 778; baseline -0.01 -12"><span class='ocrx_word' id='word_1_37' title='bbox 181 707 330 766; x_wconf 80' lang='lat' dir='ltr'>suetorum</span> <span class='ocrx_word' id='word_1_38' title='bbox 351 703 466 778; x_wconf 79' lang='lat' dir='ltr'>ingenti</span> <span class='ocrx_word' id='word_1_39' title='bbox 486 697 562 763; x_wconf 86' lang='lat' dir='ltr'>eura</span> <span class='ocrx_word' id='word_1_40' title='bbox 574 700 606 761; x_wconf 89' lang='lat' dir='ltr'>in</span> <span class='ocrx_word' id='word_1_41' title='bbox 620 715 658 761; x_wconf 93' lang='lat' dir='ltr'>ea</span> <span class='ocrx_word' id='word_1_42' title='bbox 671 699 771 775; x_wconf 85' lang='lat' dir='ltr'>regia,</span> <span class='ocrx_word' id='word_1_43' title='bbox 792 705 825 762; x_wconf 92' lang='lat' dir='ltr'>ut</span> <span class='ocrx_word' id='word_1_44' title='bbox 845 716 907 761; x_wconf 87' lang='lat' dir='ltr'>non</span> <span class='ocrx_word' id='word_1_45' title='bbox 920 699 951 758; x_wconf 89' lang='lat' dir='ltr'>in</span> <span class='ocrx_word' id='word_1_46' title='bbox 966 705 1142 774; x_wconf 80' lang='lat' dir='ltr'>praesentem</span> 
     </span>
     <span class='ocr_line' id='line_1_7' title="bbox 181 783 1178 863; baseline -0.01 -13"><span class='ocrx_word' id='word_1_47' title='bbox 181 790 272 850; x_wconf 91' lang='lat' dir='ltr'>modo</span> <span class='ocrx_word' id='word_1_48' title='bbox 295 786 445 863; x_wconf 85' lang='lat' dir='ltr'>speeiem,</span> <span class='ocrx_word' id='word_1_49' title='bbox 468 785 610 862; x_wconf 82' lang='lat' dir='ltr'>qualibus</span> <span class='ocrx_word' id='word_1_50' title='bbox 630 785 742 845; x_wconf 83' lang='lat' dir='ltr'>retorta</span> <span class='ocrx_word' id='word_1_51' title='bbox 756 784 842 860; x_wconf 83' lang='lat' dir='ltr'>regia</span> <span class='ocrx_word' id='word_1_52' title='bbox 854 783 1069 843; x_wconf 80' lang='lat' dir='ltr'><strong>Alexandreae</strong></span> <span class='ocrx_word' id='word_1_53' title='bbox 1082 785 1141 854; x_wconf 79' lang='lat' dir='ltr'>erat</span> <span class='ocrx_word' id='word_1_54' title='bbox 1177 854 1178 857; x_wconf 8' lang='grc' dir='ltr'><strong>Ἴ</strong></span> 
     </span>
     <span class='ocr_line' id='line_1_8' title="bbox 181 865 1142 946; baseline -0.009 -14"><span class='ocrx_word' id='word_1_55' title='bbox 181 873 238 932; x_wconf 91' lang='lat' dir='ltr'>sed</span> <span class='ocrx_word' id='word_1_56' title='bbox 251 873 281 931; x_wconf 89' lang='lat' dir='ltr'>in</span> <span class='ocrx_word' id='word_1_57' title='bbox 297 876 478 946; x_wconf 91' lang='lat' dir='ltr'>perpetuum</span> <span class='ocrx_word' id='word_1_58' title='bbox 493 885 582 930; x_wconf 93' lang='lat' dir='ltr'>usum</span> <span class='ocrx_word' id='word_1_59' title='bbox 596 870 713 930; x_wconf 85' lang='lat' dir='ltr'>fierent.</span> <span class='ocrx_word' id='word_1_60' title='bbox 731 866 808 928; x_wconf 86' lang='lat' dir='ltr'>haee</span> <span class='ocrx_word' id='word_1_61' title='bbox 822 868 853 928; x_wconf 92' lang='lat' dir='ltr'>iu</span> <span class='ocrx_word' id='word_1_62' title='bbox 869 869 1002 928; x_wconf 80' lang='lat' dir='ltr'>classem</span> <span class='ocrx_word' id='word_1_63' title='bbox 1015 865 1142 942; x_wconf 86' lang='lat' dir='ltr'>imposita</span> 
     </span>
    </p>
   </div>
   <div class='ocr_carea' id='block_1_3' title="bbox 104 952 812 1017">
    <p class='ocr_par' dir='ltr' id='par_1_3' title="bbox 104 952 812 1017">
     <span class='ocr_line' id='line_1_9' title="bbox 104 952 812 1017; baseline -0.01 0"><span class='ocrx_word' id='word_1_64' title='bbox 104 956 109 962; x_wconf 80' lang='grc'><strong>”</strong></span> <span class='ocrx_word' id='word_1_65' title='bbox 181 955 363 1017; x_wconf 86' lang='lat' dir='ltr'>devehenda</span> <span class='ocrx_word' id='word_1_66' title='bbox 376 955 505 1015; x_wconf 81' lang='lat' dir='ltr'><strong>Romam</strong></span> <span class='ocrx_word' id='word_1_67' title='bbox 520 954 572 1014; x_wconf 85' lang='lat' dir='ltr'>cn.</span> <span class='ocrx_word' id='word_1_68' title='bbox 588 952 714 1014; x_wconf 76' lang='lat' dir='ltr'>Octavio</span> <span class='ocrx_word' id='word_1_69' title='bbox 731 953 812 1011; x_wconf 86' lang='lat' dir='ltr'>data.</span> 
     </span>
    </p>
   </div>
   <div class='ocr_carea' id='block_1_4' title="bbox 179 1031 1179 3542">
    <p class='ocr_par' dir='ltr' id='par_1_4' title="bbox 179 1031 1179 3542">
     <span class='ocr_line' id='line_1_10' title="bbox 263 1031 1142 1113; baseline -0.008 -15"><span class='ocrx_word' id='word_1_70' title='bbox 263 1037 392 1112; x_wconf 88' lang='lat' dir='ltr'>Paulus,</span> <span class='ocrx_word' id='word_1_71' title='bbox 407 1038 538 1113; x_wconf 88' lang='lat' dir='ltr'>benigne</span> <span class='ocrx_word' id='word_1_72' title='bbox 551 1036 660 1112; x_wconf 86' lang='lat' dir='ltr'>tegatis</span> <span class='ocrx_word' id='word_1_73' title='bbox 677 1034 828 1110; x_wconf 86' lang='lat' dir='ltr'>dimissis,</span> <span class='ocrx_word' id='word_1_74' title='bbox 844 1042 1059 1109; x_wconf 83' lang='lat' dir='ltr'>transgressus</span> <span class='ocrx_word' id='word_1_75' title='bbox 1073 1031 1142 1109; x_wconf 61' lang='lat' dir='ltr'>Stra</span> 
     </span>
     <span class='ocr_line' id='line_1_11' title="bbox 181 1115 1143 1198; baseline -0.011 -14"><span class='ocrx_word' id='word_1_76' title='bbox 181 1139 303 1184; x_wconf 89' lang='lat' dir='ltr'>monem</span> <span class='ocrx_word' id='word_1_77' title='bbox 317 1123 398 1182; x_wconf 85' lang='lat' dir='ltr'>mille</span> <span class='ocrx_word' id='word_1_78' title='bbox 417 1135 567 1198; x_wconf 87' lang='lat' dir='ltr'>passuum</span> <span class='ocrx_word' id='word_1_79' title='bbox 581 1121 619 1181; x_wconf 91' lang='lat' dir='ltr'>ab</span> <span class='ocrx_word' id='word_1_80' title='bbox 635 1119 932 1195; x_wconf 84' lang='lat' dir='ltr'>Amphipotieastra</span> <span class='ocrx_word' id='word_1_81' title='bbox 945 1117 1064 1193; x_wconf 68' lang='lat' dir='ltr'>postue</span> <span class='ocrx_word' id='word_1_82' title='bbox 1086 1115 1143 1175; x_wconf 86' lang='lat' dir='ltr'>inde</span> 
     </span>
     <span class='ocr_line' id='line_1_12' title="bbox 182 1203 1143 1284; baseline -0.007 -17"><span class='ocrx_word' id='word_1_83' title='bbox 182 1209 339 1284; x_wconf 84' lang='lat' dir='ltr'>proiectus</span> <span class='ocrx_word' id='word_1_84' title='bbox 354 1206 467 1266; x_wconf 85' lang='lat' dir='ltr'>Peliam</span> <span class='ocrx_word' id='word_1_85' title='bbox 482 1206 586 1281; x_wconf 90' lang='lat' dir='ltr'>quinto</span> <span class='ocrx_word' id='word_1_86' title='bbox 602 1203 653 1264; x_wconf 91' lang='lat' dir='ltr'>die</span> <span class='ocrx_word' id='word_1_87' title='bbox 672 1204 819 1279; x_wconf 90' lang='lat' dir='ltr'>pervenit.</span> <span class='ocrx_word' id='word_1_88' title='bbox 842 1209 1092 1280; x_wconf 79' lang='lat' dir='ltr'>praetergressus</span> <span class='ocrx_word' id='word_1_89' title='bbox 1104 1215 1143 1260; x_wconf 78' lang='lat' dir='ltr'>ur</span> 
     </span>
     <span class='ocr_line' id='line_1_13' title="bbox 181 1283 1144 1366; baseline -0.009 -15"><span class='ocrx_word' id='word_1_90' title='bbox 181 1293 259 1363; x_wconf 89' lang='lat' dir='ltr'>bem,</span> <span class='ocrx_word' id='word_1_91' title='bbox 275 1291 316 1351; x_wconf 93' lang='lat' dir='ltr'>ad</span> <span class='ocrx_word' id='word_1_92' title='bbox 327 1290 491 1366; x_wconf 78' lang='lat' dir='ltr'><strong>Spelaeum</strong></span> <span class='ocrx_word' id='word_1_93' title='bbox 506 1288 592 1364; x_wconf 92' lang='lat' dir='ltr'>quod</span> <span class='ocrx_word' id='word_1_94' title='bbox 605 1291 717 1348; x_wconf 85' lang='lat' dir='ltr'>voeaut</span> <span class='ocrx_word' id='word_1_95' title='bbox 730 1286 855 1347; x_wconf 78' lang='lat' dir='ltr'>biduum</span> <span class='ocrx_word' id='word_1_96' title='bbox 866 1292 1015 1360; x_wconf 85' lang='lat' dir='ltr'>moratus,</span> <span class='ocrx_word' id='word_1_97' title='bbox 1030 1284 1061 1348; x_wconf 89' lang='lat' dir='ltr'>P.</span> <span class='ocrx_word' id='word_1_98' title='bbox 1072 1283 1144 1344; x_wconf 86' lang='lat' dir='ltr'>Nasi-</span> 
     </span>
     <span class='ocr_line' id='line_1_14' title="bbox 182 1367 1144 1447; baseline -0.009 -12"><span class='ocrx_word' id='word_1_99' title='bbox 182 1391 248 1435; x_wconf 89' lang='lat' dir='ltr'>eam</span> <span class='ocrx_word' id='word_1_100' title='bbox 270 1381 300 1435; x_wconf 93' lang='lat' dir='ltr'><strong>et</strong></span> <span class='ocrx_word' id='word_1_101' title='bbox 321 1374 354 1447; x_wconf 81' lang='lat' dir='ltr'>Q.</span> <span class='ocrx_word' id='word_1_102' title='bbox 377 1373 543 1432; x_wconf 74' lang='lat' dir='ltr'>Marinum</span> <span class='ocrx_word' id='word_1_103' title='bbox 563 1371 657 1430; x_wconf 86' lang='lat' dir='ltr'>fitium</span> <span class='ocrx_word' id='word_1_104' title='bbox 678 1385 748 1431; x_wconf 88' lang='lat' dir='ltr'>oum</span> <span class='ocrx_word' id='word_1_105' title='bbox 766 1378 854 1446; x_wconf 87' lang='lat' dir='ltr'>parte</span> <span class='ocrx_word' id='word_1_106' title='bbox 871 1370 1034 1445; x_wconf 87' lang='lat' dir='ltr'>eopiaruru</span> <span class='ocrx_word' id='word_1_107' title='bbox 1053 1369 1091 1428; x_wconf 94' lang='lat' dir='ltr'>ad</span> <span class='ocrx_word' id='word_1_108' title='bbox 1103 1367 1144 1426; x_wconf 85' lang='lat' dir='ltr'>de</span> 
     </span>
     <span class='ocr_line' id='line_1_15' title="bbox 182 1450 1142 1533; baseline -0.006 -15"><span class='ocrx_word' id='word_1_109' title='bbox 182 1458 377 1533; x_wconf 88' lang='lat' dir='ltr'>populandos</span> <span class='ocrx_word' id='word_1_110' title='bbox 403 1456 540 1533; x_wconf 77' lang='lat' dir='ltr'>Illyrios,</span> <span class='ocrx_word' id='word_1_111' title='bbox 568 1454 621 1530; x_wconf 92' lang='lat' dir='ltr'>qui</span> <span class='ocrx_word' id='word_1_112' title='bbox 644 1454 757 1514; x_wconf 88' lang='lat' dir='ltr'>Persea</span> <span class='ocrx_word' id='word_1_113' title='bbox 781 1455 921 1515; x_wconf 84' lang='lat' dir='ltr'>iuverant</span> <span class='ocrx_word' id='word_1_114' title='bbox 943 1454 1045 1528; x_wconf 80' lang='lat' dir='ltr'>neno,</span> <span class='ocrx_word' id='word_1_115' title='bbox 1068 1450 1142 1525; x_wconf 78' lang='lat' dir='ltr'>misit</span> 
     </span>
     <span class='ocr_line' id='line_1_16' title="bbox 182 1537 1145 1614; baseline -0.006 -15"><span class='ocrx_word' id='word_1_116' title='bbox 182 1543 286 1602; x_wconf 87' lang='lat' dir='ltr'>iussos</span> <span class='ocrx_word' id='word_1_117' title='bbox 314 1541 354 1601; x_wconf 92' lang='lat' dir='ltr'>ad</span> <span class='ocrx_word' id='word_1_118' title='bbox 375 1539 497 1599; x_wconf 89' lang='lat' dir='ltr'>Orieum</span> <span class='ocrx_word' id='word_1_119' title='bbox 523 1539 583 1600; x_wconf 89' lang='lat' dir='ltr'>sibi</span> <span class='ocrx_word' id='word_1_120' title='bbox 603 1553 780 1599; x_wconf 74' lang='lat' dir='ltr'>occurrere:</span> <span class='ocrx_word' id='word_1_121' title='bbox 808 1538 878 1614; x_wconf 91' lang='lat' dir='ltr'>ipse</span> <span class='ocrx_word' id='word_1_122' title='bbox 896 1537 1026 1612; x_wconf 81' lang='lat' dir='ltr'>Epirum</span> <span class='ocrx_word' id='word_1_123' title='bbox 1053 1542 1145 1610; x_wconf 85' lang='lat' dir='ltr'>petens</span> 
     </span>
     <span class='ocr_line' id='line_1_17' title="bbox 183 1616 1145 1700; baseline -0.01 -13"><span class='ocrx_word' id='word_1_124' title='bbox 183 1623 297 1700; x_wconf 89' lang='lat' dir='ltr'>quintis</span> <span class='ocrx_word' id='word_1_125' title='bbox 309 1623 435 1685; x_wconf 84' lang='lat' dir='ltr'>decimis</span> <span class='ocrx_word' id='word_1_126' title='bbox 444 1624 553 1684; x_wconf 89' lang='lat' dir='ltr'>eastris</span> <span class='ocrx_word' id='word_1_127' title='bbox 560 1622 762 1684; x_wconf 86' lang='lat' dir='ltr'>Passaronem</span> <span class='ocrx_word' id='word_1_128' title='bbox 768 1621 918 1699; x_wconf 80' lang='lat' dir='ltr'>pervenit</span> <span class='ocrx_word' id='word_1_129' title='bbox 933 1620 1069 1682; x_wconf 86' lang='lat' dir='ltr'><strong>XXXIV.</strong></span> <span class='ocrx_word' id='word_1_130' title='bbox 1076 1616 1145 1680; x_wconf 88' lang='lat' dir='ltr'>haud</span> 
     </span>
     <span class='ocr_line' id='line_1_18' title="bbox 182 1701 1143 1785; baseline -0.006 -17"><span class='ocrx_word' id='word_1_131' title='bbox 182 1710 289 1785; x_wconf 81' lang='lat' dir='ltr'>procui</span> <span class='ocrx_word' id='word_1_132' title='bbox 305 1708 377 1768; x_wconf 90' lang='lat' dir='ltr'>inde</span> <span class='ocrx_word' id='word_1_133' title='bbox 386 1707 487 1768; x_wconf 81' lang='lat' dir='ltr'>Anicii</span> <span class='ocrx_word' id='word_1_134' title='bbox 501 1712 603 1768; x_wconf 85' lang='lat' dir='ltr'>eastra</span> <span class='ocrx_word' id='word_1_135' title='bbox 616 1707 751 1766; x_wconf 88' lang='lat' dir='ltr'>aberant.</span> <span class='ocrx_word' id='word_1_136' title='bbox 773 1707 814 1766; x_wconf 86' lang='lat' dir='ltr'>ad</span> <span class='ocrx_word' id='word_1_137' title='bbox 824 1722 918 1782; x_wconf 86' lang='lat' dir='ltr'>quem</span> <span class='ocrx_word' id='word_1_138' title='bbox 928 1704 1037 1766; x_wconf 86' lang='lat' dir='ltr'>titteris</span> <span class='ocrx_word' id='word_1_139' title='bbox 1047 1701 1143 1776; x_wconf 73' lang='lat' dir='ltr'>missis.</span> 
     </span>
     <span class='ocr_line' id='line_1_19' title="bbox 182 1787 1179 1898; baseline -0.008 -46"><span class='ocrx_word' id='word_1_140' title='bbox 182 1809 221 1852; x_wconf 86' lang='lat' dir='ltr'>ne</span> <span class='ocrx_word' id='word_1_141' title='bbox 236 1793 311 1869; x_wconf 90' lang='lat' dir='ltr'>quid</span> <span class='ocrx_word' id='word_1_142' title='bbox 325 1791 366 1852; x_wconf 88' lang='lat' dir='ltr'>ad</span> <span class='ocrx_word' id='word_1_143' title='bbox 380 1807 418 1851; x_wconf 91' lang='lat' dir='ltr'>ea</span> <span class='ocrx_word' id='word_1_144' title='bbox 432 1807 512 1866; x_wconf 89' lang='lat' dir='ltr'>quae</span> <span class='ocrx_word' id='word_1_145' title='bbox 527 1791 636 1852; x_wconf 89' lang='lat' dir='ltr'>flerent</span> <span class='ocrx_word' id='word_1_146' title='bbox 649 1795 839 1851; x_wconf 74' lang='lat' dir='ltr'>moveretura</span> <span class='ocrx_word' id='word_1_147' title='bbox 861 1795 1003 1852; x_wconf 84' lang='lat' dir='ltr'>senatum</span> <span class='ocrx_word' id='word_1_148' title='bbox 1015 1787 1144 1864; x_wconf 90' lang='lat' dir='ltr'>praedam</span> <span class='ocrx_word' id='word_1_149' title='bbox 1176 1787 1179 1898; x_wconf 51' lang='grc'>1</span> 
     </span>
     <span class='ocr_line' id='line_1_20' title="bbox 180 1869 1145 1951; baseline -0.007 -15"><span class='ocrx_word' id='word_1_150' title='bbox 180 1876 265 1951; x_wconf 81' lang='lat' dir='ltr'>Epiri</span> <span class='ocrx_word' id='word_1_151' title='bbox 285 1875 466 1948; x_wconf 87' lang='lat' dir='ltr'>eivitatium,</span> <span class='ocrx_word' id='word_1_152' title='bbox 491 1890 571 1950; x_wconf 90' lang='lat' dir='ltr'>quae</span> <span class='ocrx_word' id='word_1_153' title='bbox 591 1873 632 1934; x_wconf 84' lang='lat' dir='ltr'>ad</span> <span class='ocrx_word' id='word_1_154' title='bbox 651 1873 765 1934; x_wconf 88' lang='lat' dir='ltr'>Persea</span> <span class='ocrx_word' id='word_1_155' title='bbox 786 1873 987 1948; x_wconf 80' lang='lat' dir='ltr'>deiecissent,</span> <span class='ocrx_word' id='word_1_156' title='bbox 1015 1869 1145 1932; x_wconf 77' lang='lat' dir='ltr'>exercitui</span> 
     </span>
     <span class='ocr_line' id='line_1_21' title="bbox 181 1951 1179 2032; baseline -0.008 -12"><span class='ocrx_word' id='word_1_157' title='bbox 181 1960 324 2030; x_wconf 85' lang='lat' dir='ltr'>dedisse;</span> <span class='ocrx_word' id='word_1_158' title='bbox 346 1958 519 2020; x_wconf 86' lang='lat' dir='ltr'>summissis</span> <span class='ocrx_word' id='word_1_159' title='bbox 540 1957 769 2019; x_wconf 79' lang='lat' dir='ltr'>centurionibus</span> <span class='ocrx_word' id='word_1_160' title='bbox 783 1958 814 2017; x_wconf 91' lang='lat' dir='ltr'>in</span> <span class='ocrx_word' id='word_1_161' title='bbox 829 1957 967 2032; x_wconf 90' lang='lat' dir='ltr'>singulas</span> <span class='ocrx_word' id='word_1_162' title='bbox 980 1957 1085 2027; x_wconf 85' lang='lat' dir='ltr'>urbes,</span> <span class='ocrx_word' id='word_1_163' title='bbox 1105 1951 1145 2028; x_wconf 86' lang='lat' dir='ltr'>qui</span> <span class='ocrx_word' id='word_1_164' title='bbox 1177 1967 1179 2012; x_wconf 71' lang='lat' dir='ltr'>t</span> 
     </span>
     <span class='ocr_line' id='line_1_22' title="bbox 182 2037 1179 2118; baseline -0.006 -16"><span class='ocrx_word' id='word_1_165' title='bbox 182 2059 218 2104; x_wconf 90' lang='lat' dir='ltr'>se</span> <span class='ocrx_word' id='word_1_166' title='bbox 232 2044 369 2104; x_wconf 82' lang='lat' dir='ltr'><strong>dicerent</strong></span> <span class='ocrx_word' id='word_1_167' title='bbox 383 2041 422 2100; x_wconf 89' lang='lat' dir='ltr'>ad</span> <span class='ocrx_word' id='word_1_168' title='bbox 437 2040 594 2116; x_wconf 89' lang='lat' dir='ltr'>praesidia</span> <span class='ocrx_word' id='word_1_169' title='bbox 604 2041 787 2102; x_wconf 83' lang='lat' dir='ltr'>deducenda</span> <span class='ocrx_word' id='word_1_170' title='bbox 797 2041 931 2116; x_wconf 87' lang='lat' dir='ltr'>venisse,</span> <span class='ocrx_word' id='word_1_171' title='bbox 945 2046 980 2100; x_wconf 90' lang='lat' dir='ltr'>ut</span> <span class='ocrx_word' id='word_1_172' title='bbox 989 2039 1078 2100; x_wconf 89' lang='lat' dir='ltr'>liberi</span> <span class='ocrx_word' id='word_1_173' title='bbox 1087 2037 1144 2112; x_wconf 80' lang='lat' dir='ltr'>Epi·</span> <span class='ocrx_word' id='word_1_174' title='bbox 1178 2043 1179 2118; x_wconf 78' lang='lat' dir='ltr'>J</span> 
     </span>
     <span class='ocr_line' id='line_1_23' title="bbox 181 2121 1179 2200; baseline -0.005 -14"><span class='ocrx_word' id='word_1_175' title='bbox 181 2132 267 2186; x_wconf 90' lang='lat' dir='ltr'>rotae</span> <span class='ocrx_word' id='word_1_176' title='bbox 282 2126 361 2185; x_wconf 87' lang='lat' dir='ltr'>sieut</span> <span class='ocrx_word' id='word_1_177' title='bbox 369 2124 558 2184; x_wconf 80' lang='lat' dir='ltr'>Macedones</span> <span class='ocrx_word' id='word_1_178' title='bbox 570 2130 683 2197; x_wconf 85' lang='lat' dir='ltr'>essent,</span> <span class='ocrx_word' id='word_1_179' title='bbox 699 2125 798 2185; x_wconf 92' lang='lat' dir='ltr'>denos</span> <span class='ocrx_word' id='word_1_180' title='bbox 809 2124 967 2200; x_wconf 80' lang='lat' dir='ltr'>prinoipes</span> <span class='ocrx_word' id='word_1_181' title='bbox 977 2139 1020 2184; x_wconf 86' lang='lat' dir='ltr'>ex</span> <span class='ocrx_word' id='word_1_182' title='bbox 1032 2121 1145 2197; x_wconf 85' lang='lat' dir='ltr'>singulis</span> <span class='ocrx_word' id='word_1_183' title='bbox 1177 2175 1179 2200; x_wconf 25' lang='grc' dir='ltr'><em>ἰ</em></span> 
     </span>
     <span class='ocr_line' id='line_1_24' title="bbox 180 2201 1179 2290; baseline -0.002 -22"><span class='ocrx_word' id='word_1_184' title='bbox 180 2208 321 2268; x_wconf 88' lang='lat' dir='ltr'>evocavit</span> <span class='ocrx_word' id='word_1_185' title='bbox 335 2205 522 2278; x_wconf 85' lang='lat' dir='ltr'>civitatibus,</span> <span class='ocrx_word' id='word_1_186' title='bbox 545 2207 657 2282; x_wconf 88' lang='lat' dir='ltr'>quibus</span> <span class='ocrx_word' id='word_1_187' title='bbox 673 2224 742 2269; x_wconf 88' lang='lat' dir='ltr'>eum</span> <span class='ocrx_word' id='word_1_188' title='bbox 758 2207 986 2281; x_wconf 84' lang='lat' dir='ltr'>denuntiasset,</span> <span class='ocrx_word' id='word_1_189' title='bbox 1005 2213 1040 2268; x_wconf 92' lang='lat' dir='ltr'>ut</span> <span class='ocrx_word' id='word_1_190' title='bbox 1054 2219 1147 2268; x_wconf 88' lang='lat' dir='ltr'>aurum</span> <span class='ocrx_word' id='word_1_191' title='bbox 1177 2201 1179 2290; x_wconf 70' lang='grc' dir='ltr'>Ι</span> 
     </span>
     <span class='ocr_line' id='line_1_25' title="bbox 182 2287 1147 2368; baseline 0 -16"><span class='ocrx_word' id='word_1_192' title='bbox 182 2299 273 2365; x_wconf 89' lang='lat' dir='ltr'>atque</span> <span class='ocrx_word' id='word_1_193' title='bbox 291 2296 449 2366; x_wconf 88' lang='lat' dir='ltr'>argentum</span> <span class='ocrx_word' id='word_1_194' title='bbox 463 2289 493 2348; x_wconf 93' lang='lat' dir='ltr'>in</span> <span class='ocrx_word' id='word_1_195' title='bbox 508 2290 663 2364; x_wconf 84' lang='lat' dir='ltr'>pubiicum</span> <span class='ocrx_word' id='word_1_196' title='bbox 677 2292 876 2366; x_wconf 83' lang='lat' dir='ltr'>proterretur,</span> <span class='ocrx_word' id='word_1_197' title='bbox 890 2307 947 2368; x_wconf 90' lang='lat' dir='ltr'>per</span> <span class='ocrx_word' id='word_1_198' title='bbox 962 2307 1072 2352; x_wconf 90' lang='lat' dir='ltr'>omnes</span> <span class='ocrx_word' id='word_1_199' title='bbox 1087 2287 1147 2350; x_wconf 86' lang='lat' dir='ltr'>eivi-</span> 
     </span>
     <span class='ocr_line' id='line_1_26' title="bbox 180 2372 1147 2451; baseline -0.003 -16"><span class='ocrx_word' id='word_1_200' title='bbox 180 2381 258 2435; x_wconf 90' lang='lat' dir='ltr'>tates</span> <span class='ocrx_word' id='word_1_201' title='bbox 270 2373 413 2435; x_wconf 76' lang='lat' dir='ltr'>cohortes</span> <span class='ocrx_word' id='word_1_202' title='bbox 426 2372 548 2433; x_wconf 83' lang='lat' dir='ltr'>dimisit</span> <span class='ocrx_word' id='word_1_203' title='bbox 562 2378 631 2434; x_wconf 90' lang='lat' dir='ltr'>ante</span> <span class='ocrx_word' id='word_1_204' title='bbox 642 2375 672 2434; x_wconf 91' lang='lat' dir='ltr'>in</span> <span class='ocrx_word' id='word_1_205' title='bbox 684 2375 845 2438; x_wconf 83' lang='lat' dir='ltr'>ulteriores</span> <span class='ocrx_word' id='word_1_206' title='bbox 858 2390 949 2451; x_wconf 86' lang='lat' dir='ltr'>quam</span> <span class='ocrx_word' id='word_1_207' title='bbox 956 2375 985 2434; x_wconf 88' lang='lat' dir='ltr'>in</span> <span class='ocrx_word' id='word_1_208' title='bbox 994 2375 1147 2450; x_wconf 79' lang='lat' dir='ltr'>propiores</span> 
     </span>
     <span class='ocr_line' id='line_1_27' title="bbox 182 2455 1147 2535; baseline -0.003 -16"><span class='ocrx_word' id='word_1_209' title='bbox 182 2457 445 2535; x_wconf 74' lang='lat' dir='ltr'>protestatum</span> <span class='ocrx_word' id='word_1_210' title='bbox 461 2457 511 2517; x_wconf 90' lang='lat' dir='ltr'>die</span> <span class='ocrx_word' id='word_1_211' title='bbox 525 2455 556 2518; x_wconf 91' lang='lat' dir='ltr'>in</span> <span class='ocrx_word' id='word_1_212' title='bbox 572 2473 679 2519; x_wconf 90' lang='lat' dir='ltr'>omnes</span> <span class='ocrx_word' id='word_1_213' title='bbox 693 2460 912 2535; x_wconf 88' lang='lat' dir='ltr'>perveniretur.</span> <span class='ocrx_word' id='word_1_214' title='bbox 933 2459 1016 2520; x_wconf 90' lang='lat' dir='ltr'>edita</span> <span class='ocrx_word' id='word_1_215' title='bbox 1031 2456 1147 2520; x_wconf 83' lang='lat' dir='ltr'>tribunis</span> 
     </span>
     <span class='ocr_line' id='line_1_28' title="bbox 181 2543 1146 2618; baseline -0.004 -14"><span class='ocrx_word' id='word_1_216' title='bbox 181 2543 472 2618; x_wconf 86' lang='lat' dir='ltr'>centurionibusque</span> <span class='ocrx_word' id='word_1_217' title='bbox 493 2549 580 2602; x_wconf 89' lang='lat' dir='ltr'>erant</span> <span class='ocrx_word' id='word_1_218' title='bbox 600 2558 679 2618; x_wconf 90' lang='lat' dir='ltr'>quae</span> <span class='ocrx_word' id='word_1_219' title='bbox 700 2551 870 2617; x_wconf 85' lang='lat' dir='ltr'>agerentur.</span> <span class='ocrx_word' id='word_1_220' title='bbox 895 2559 984 2604; x_wconf 91' lang='lat' dir='ltr'>mane</span> <span class='ocrx_word' id='word_1_221' title='bbox 999 2558 1090 2604; x_wconf 79' lang='lat' dir='ltr'>earne</span> <span class='ocrx_word' id='word_1_222' title='bbox 1103 2557 1146 2600; x_wconf 88' lang='lat' dir='ltr'>au·</span> 
     </span>
     <span class='ocr_line' id='line_1_29' title="bbox 179 2621 1146 2703; baseline -0.003 -17"><span class='ocrx_word' id='word_1_223' title='bbox 179 2643 246 2687; x_wconf 90' lang='lat' dir='ltr'>rum</span> <span class='ocrx_word' id='word_1_224' title='bbox 261 2634 481 2703; x_wconf 83' lang='lat' dir='ltr'>argentumque</span> <span class='ocrx_word' id='word_1_225' title='bbox 496 2627 653 2700; x_wconf 83' lang='lat' dir='ltr'>collatum,</span> <span class='ocrx_word' id='word_1_226' title='bbox 674 2626 751 2687; x_wconf 88' lang='lat' dir='ltr'>hora</span> <span class='ocrx_word' id='word_1_227' title='bbox 773 2635 881 2703; x_wconf 89' lang='lat' dir='ltr'>quarta</span> <span class='ocrx_word' id='word_1_228' title='bbox 895 2627 1017 2702; x_wconf 83' lang='lat' dir='ltr'>signum</span> <span class='ocrx_word' id='word_1_229' title='bbox 1031 2628 1072 2687; x_wconf 90' lang='lat' dir='ltr'>ad</span> <span class='ocrx_word' id='word_1_230' title='bbox 1086 2621 1146 2686; x_wconf 91' lang='lat' dir='ltr'>diri·</span> 
     </span>
     <span class='ocr_line' id='line_1_30' title="bbox 180 2706 1147 2787; baseline -0.003 -17"><span class='ocrx_word' id='word_1_231' title='bbox 180 2711 311 2786; x_wconf 90' lang='lat' dir='ltr'>piendas</span> <span class='ocrx_word' id='word_1_232' title='bbox 332 2712 425 2772; x_wconf 89' lang='lat' dir='ltr'>urbes</span> <span class='ocrx_word' id='word_1_233' title='bbox 442 2711 546 2771; x_wconf 87' lang='lat' dir='ltr'>datum</span> <span class='ocrx_word' id='word_1_234' title='bbox 561 2717 610 2771; x_wconf 90' lang='lat' dir='ltr'>est</span> <span class='ocrx_word' id='word_1_235' title='bbox 622 2708 781 2781; x_wconf 68' lang='lat' dir='ltr'>nriiitihusa</span> <span class='ocrx_word' id='word_1_236' title='bbox 802 2717 947 2787; x_wconf 90' lang='lat' dir='ltr'>tantaque</span> <span class='ocrx_word' id='word_1_237' title='bbox 963 2711 1080 2786; x_wconf 89' lang='lat' dir='ltr'>praeda</span> <span class='ocrx_word' id='word_1_238' title='bbox 1093 2706 1147 2780; x_wconf 77' lang='lat' dir='ltr'>tuit</span> 
     </span>
     <span class='ocr_line' id='line_1_31' title="bbox 180 2791 1146 2870; baseline -0.003 -17"><span class='ocrx_word' id='word_1_239' title='bbox 180 2799 212 2854; x_wconf 88' lang='lat' dir='ltr'>ut</span> <span class='ocrx_word' id='word_1_240' title='bbox 228 2796 258 2855; x_wconf 93' lang='lat' dir='ltr'>in</span> <span class='ocrx_word' id='word_1_241' title='bbox 275 2796 407 2870; x_wconf 84' lang='lat' dir='ltr'>equitem</span> <span class='ocrx_word' id='word_1_242' title='bbox 423 2791 625 2870; x_wconf 78' lang='lat' dir='ltr'>quadringeni</span> <span class='ocrx_word' id='word_1_243' title='bbox 639 2792 765 2868; x_wconf 90' lang='lat' dir='ltr'>denarii,</span> <span class='ocrx_word' id='word_1_244' title='bbox 787 2794 940 2870; x_wconf 88' lang='lat' dir='ltr'>peditibus</span> <span class='ocrx_word' id='word_1_245' title='bbox 956 2795 1067 2856; x_wconf 88' lang='lat' dir='ltr'>dueeni</span> <span class='ocrx_word' id='word_1_246' title='bbox 1080 2791 1146 2854; x_wconf 90' lang='lat' dir='ltr'>divi·</span> 
     </span>
     <span class='ocr_line' id='line_1_32' title="bbox 180 2876 1146 2954; baseline -0.004 -18"><span class='ocrx_word' id='word_1_247' title='bbox 180 2877 333 2952; x_wconf 82' lang='lat' dir='ltr'>darentur,</span> <span class='ocrx_word' id='word_1_248' title='bbox 350 2885 470 2939; x_wconf 87' lang='lat' dir='ltr'>eentum</span> <span class='ocrx_word' id='word_1_249' title='bbox 486 2876 706 2953; x_wconf 79' lang='lat' dir='ltr'>quinquaginta</span> <span class='ocrx_word' id='word_1_250' title='bbox 717 2877 799 2938; x_wconf 76' lang='lat' dir='ltr'>nutis</span> <span class='ocrx_word' id='word_1_251' title='bbox 811 2878 945 2954; x_wconf 84' lang='lat' dir='ltr'>capitum</span> <span class='ocrx_word' id='word_1_252' title='bbox 956 2878 1146 2940; x_wconf 89' lang='lat' dir='ltr'>humanorum</span> 
     </span>
     <span class='ocr_line' id='line_1_33' title="bbox 179 2959 1145 3038; baseline -0.001 -19"><span class='ocrx_word' id='word_1_253' title='bbox 179 2959 413 3021; x_wconf 85' lang='lat' dir='ltr'>abducerentm.</span> <span class='ocrx_word' id='word_1_254' title='bbox 428 2961 506 3021; x_wconf 92' lang='lat' dir='ltr'>muri</span> <span class='ocrx_word' id='word_1_255' title='bbox 516 2960 628 3021; x_wconf 88' lang='lat' dir='ltr'>deinde</span> <span class='ocrx_word' id='word_1_256' title='bbox 639 2960 824 3038; x_wconf 90' lang='lat' dir='ltr'>direptarum</span> <span class='ocrx_word' id='word_1_257' title='bbox 835 2962 955 3024; x_wconf 90' lang='lat' dir='ltr'>urbium</span> <span class='ocrx_word' id='word_1_258' title='bbox 968 2963 1059 3024; x_wconf 91' lang='lat' dir='ltr'>diruti</span> <span class='ocrx_word' id='word_1_259' title='bbox 1070 2965 1145 3022; x_wconf 84' lang='lat' dir='ltr'>sunu</span> 
     </span>
     <span class='ocr_line' id='line_1_34' title="bbox 179 3044 1144 3122; baseline -0.003 -18"><span class='ocrx_word' id='word_1_260' title='bbox 179 3060 217 3105; x_wconf 92' lang='lat' dir='ltr'>ea</span> <span class='ocrx_word' id='word_1_261' title='bbox 228 3045 313 3104; x_wconf 86' lang='lat' dir='ltr'>tuere</span> <span class='ocrx_word' id='word_1_262' title='bbox 327 3045 443 3120; x_wconf 88' lang='lat' dir='ltr'>oppida</span> <span class='ocrx_word' id='word_1_263' title='bbox 453 3044 535 3106; x_wconf 86' lang='lat' dir='ltr'>eirea</span> <span class='ocrx_word' id='word_1_264' title='bbox 545 3045 746 3120; x_wconf 88' lang='lat' dir='ltr'>septuaginta.</span> <span class='ocrx_word' id='word_1_265' title='bbox 758 3045 1144 3122; x_wconf 81' lang='lat' dir='ltr'>venditapraedaomnium</span> 
     </span>
     <span class='ocr_line' id='line_1_35' title="bbox 179 3123 1145 3192; baseline -0.003 -4"><span class='ocrx_word' id='word_1_266' title='bbox 179 3130 218 3189; x_wconf 91' lang='lat' dir='ltr'>de</span> <span class='ocrx_word' id='word_1_267' title='bbox 233 3145 270 3190; x_wconf 91' lang='lat' dir='ltr'>ea</span> <span class='ocrx_word' id='word_1_268' title='bbox 284 3145 404 3190; x_wconf 88' lang='lat' dir='ltr'>summa</span> <span class='ocrx_word' id='word_1_269' title='bbox 418 3128 501 3190; x_wconf 90' lang='lat' dir='ltr'>militi</span> <span class='ocrx_word' id='word_1_270' title='bbox 522 3136 711 3192; x_wconf 89' lang='lat' dir='ltr'>numeratum</span> <span class='ocrx_word' id='word_1_271' title='bbox 726 3136 781 3190; x_wconf 90' lang='lat' dir='ltr'>est.</span> <span class='ocrx_word' id='word_1_272' title='bbox 802 3131 916 3192; x_wconf 86' lang='lat' dir='ltr'>Paulus</span> <span class='ocrx_word' id='word_1_273' title='bbox 937 3130 978 3190; x_wconf 88' lang='lat' dir='ltr'>od</span> <span class='ocrx_word' id='word_1_274' title='bbox 991 3147 1074 3191; x_wconf 89' lang='lat' dir='ltr'>mare</span> <span class='ocrx_word' id='word_1_275' title='bbox 1090 3123 1145 3187; x_wconf 83' lang='lat' dir='ltr'>Ori·</span> 
     </span>
     <span class='ocr_line' id='line_1_36' title="bbox 180 3213 1144 3291; baseline -0.007 -17"><span class='ocrx_word' id='word_1_276' title='bbox 180 3231 248 3274; x_wconf 91' lang='lat' dir='ltr'>oum</span> <span class='ocrx_word' id='word_1_277' title='bbox 260 3215 429 3290; x_wconf 76' lang='lat' dir='ltr'>descendit,</span> <span class='ocrx_word' id='word_1_278' title='bbox 441 3231 645 3291; x_wconf 89' lang='lat' dir='ltr'>nequaquam,</span> <span class='ocrx_word' id='word_1_279' title='bbox 659 3219 693 3273; x_wconf 92' lang='lat' dir='ltr'>ut</span> <span class='ocrx_word' id='word_1_280' title='bbox 702 3221 786 3274; x_wconf 88' lang='lat' dir='ltr'>ratus</span> <span class='ocrx_word' id='word_1_281' title='bbox 798 3222 871 3289; x_wconf 86' lang='lat' dir='ltr'>erat,</span> <span class='ocrx_word' id='word_1_282' title='bbox 887 3214 1017 3289; x_wconf 88' lang='lat' dir='ltr'>expletis</span> <span class='ocrx_word' id='word_1_283' title='bbox 1029 3213 1144 3274; x_wconf 86' lang='lat' dir='ltr'>miiitum</span> 
     </span>
     <span class='ocr_line' id='line_1_37' title="bbox 179 3293 1144 3375; baseline -0.006 -18"><span class='ocrx_word' id='word_1_284' title='bbox 179 3298 297 3374; x_wconf 89' lang='lat' dir='ltr'>animis,</span> <span class='ocrx_word' id='word_1_285' title='bbox 314 3298 366 3375; x_wconf 91' lang='lat' dir='ltr'>qui</span> <span class='ocrx_word' id='word_1_286' title='bbox 381 3307 534 3375; x_wconf 87' lang='lat' dir='ltr'>tamquam</span> <span class='ocrx_word' id='word_1_287' title='bbox 546 3299 661 3358; x_wconf 89' lang='lat' dir='ltr'>nullum</span> <span class='ocrx_word' id='word_1_288' title='bbox 675 3298 704 3355; x_wconf 90' lang='lat' dir='ltr'>in</span> <span class='ocrx_word' id='word_1_289' title='bbox 716 3297 898 3358; x_wconf 81' lang='lat' dir='ltr'>Macedonia</span> <span class='ocrx_word' id='word_1_290' title='bbox 909 3296 1080 3374; x_wconf 86' lang='lat' dir='ltr'>gessissent</span> <span class='ocrx_word' id='word_1_291' title='bbox 1089 3293 1144 3354; x_wconf 88' lang='lat' dir='ltr'><strong>bel-</strong></span> 
     </span>
     <span class='ocr_line' id='line_1_38' title="bbox 180 3373 1142 3457; baseline -0.006 -19"><span class='ocrx_word' id='word_1_292' title='bbox 180 3381 255 3456; x_wconf 88' lang='lat' dir='ltr'>lum,</span> <span class='ocrx_word' id='word_1_293' title='bbox 280 3389 423 3457; x_wconf 86' lang='lat' dir='ltr'>expertes</span> <span class='ocrx_word' id='word_1_294' title='bbox 444 3381 548 3456; x_wconf 87' lang='lat' dir='ltr'>regiae</span> <span class='ocrx_word' id='word_1_295' title='bbox 569 3380 702 3455; x_wconf 88' lang='lat' dir='ltr'>praedae</span> <span class='ocrx_word' id='word_1_296' title='bbox 723 3396 795 3441; x_wconf 92' lang='lat' dir='ltr'>esse</span> <span class='ocrx_word' id='word_1_297' title='bbox 809 3381 1050 3457; x_wconf 89' lang='lat' dir='ltr'>indignabantur.</span> <span class='ocrx_word' id='word_1_298' title='bbox 1072 3373 1142 3440; x_wconf 88' lang='lat' dir='ltr'>Oriei</span> 
     </span>
     <span class='ocr_line' id='line_1_39' title="bbox 180 3460 1142 3542; baseline 0 -23"><span class='ocrx_word' id='word_1_299' title='bbox 180 3476 248 3521; x_wconf 87' lang='lat' dir='ltr'>eum</span> <span class='ocrx_word' id='word_1_300' title='bbox 264 3466 374 3524; x_wconf 89' lang='lat' dir='ltr'>missas</span> <span class='ocrx_word' id='word_1_301' title='bbox 391 3481 459 3525; x_wconf 85' lang='lat' dir='ltr'>eum</span> <span class='ocrx_word' id='word_1_302' title='bbox 474 3464 618 3539; x_wconf 81' lang='lat' dir='ltr'>Scipione</span> <span class='ocrx_word' id='word_1_303' title='bbox 632 3463 743 3522; x_wconf 89' lang='lat' dir='ltr'>Nasiea</span> <span class='ocrx_word' id='word_1_304' title='bbox 758 3464 953 3542; x_wconf 87' lang='lat' dir='ltr'>Maximoque</span> <span class='ocrx_word' id='word_1_305' title='bbox 968 3466 1029 3527; x_wconf 83' lang='lat' dir='ltr'>tilio</span> <span class='ocrx_word' id='word_1_306' title='bbox 1045 3460 1142 3538; x_wconf 87' lang='lat' dir='ltr'>eopias</span> 
     </span>
    </p>
   </div>
   <div class='ocr_carea' id='block_1_5' title="bbox 0 0 1189 3858">
    <p class='ocr_par' dir='ltr' id='par_1_5' title="bbox 0 0 1189 3858">
     <span class='ocr_line' id='line_1_40' title="bbox 0 0 1189 3858; baseline 0 0"><span class='ocrx_word' id='word_1_307' title='bbox 0 0 1189 3858; x_wconf 95' lang='lat' dir='ltr'> </span> 
     </span>
    </p>
   </div>
  </div>
 </body>
</html>
