2364 3862
194 189 407 252 nmnnxnn.
431 193 630 257 cannen
654 200 808 296 [annu]
929 194 990 260 ten
1094 275 1099 286 ¹

43 341 160 404 incendio
181 352 351 418 opportuna
374 360 460 417 esse,
489 345 573 404 laces
589 344 773 420 taedamque
787 352 818 405 et
831 346 989 410 malleolos

12 441 14 448 ’
42 435 148 502 stuppae
168 427 256 488 illitos
277 427 346 502 pice
365 426 587 503 perantiquam
615 434 707 504 atque
729 429 771 488 ita
786 430 886 490 media
900 439 990 494 nocte

12 519 14 588 ζ
40 513 185 586 protectus,
205 519 238 570 ut
258 511 355 586 prima
374 513 443 572 luce
457 511 625 587 adgressus
642 513 768 574 falleret
790 512 988 588 nequiquam.

12 643 13 646 ,
40 595 142 670 pn'nae
146 593 292 655 statiorms
315 610 486 692 oppressae
505 597 633 658 tumultu
650 611 686 657 ac
703 603 821 658 terrore
836 611 894 658 suo
910 605 990 658 cete·

40 694 78 738 ros
95 679 310 754 excitaverunt,
334 679 519 754 signumque
542 679 646 740 datum
669 687 718 742 est
737 696 823 740 arma
836 683 990 758 extemplo

12 785 14 794 ι
42 759 171 837 capiendi;
192 753 369 838 simulque
362 779 392 822 ιιι
408 763 498 836 vallo,
521 761 562 822 ad
577 771 697 839 portas,
719 765 807 824 miles
823 763 989 827 instructus

41 852 95 904 crat
112 852 142 905 ιι
154 842 185 882 ι*
202 847 443 944 oppugnationis
460 853 628 908 castrorum
644 847 776 910 Perseus
791 853 821 910 et
835 851 989 924 extemplo

12 945 13 988 3
40 927 186 1004 circumegit
206 931 322 1004 aciem,
345 937 376 991 et
395 931 493 1007 prima
506 930 747 1005 impedimenta'
739 947 793 1006 ιιι,
809 932 921 994 deinde
936 949 990 1010 pe—

40 1011 110 1071 ιιιιιι
131 1013 216 1088 signa
237 1014 313 1074 terri
327 1015 427 1076 iussit.
449 1014 519 1089 ipse
535 1030 603 1082 num
619 1013 755 1090 equitatu
770 1022 800 1076 et
813 1015 872 1076 levi
891 1032 987 1078 arma·

12 1093 15 1180 ι
38 1101 89 1155 ιιιι
98 1096 224 1160 substitit
239 1098 281 1159 ad
296 1114 405 1174 agmen
420 1098 601 1174 cogendum,
616 1106 710 1172 ratus,
726 1098 758 1158 id
774 1099 857 1174 quod
870 1099 989 1176 accidit,

12 1181 14 1248 ι
38 1178 204 1244 insecuturos
221 1183 264 1243 ad
279 1189 415 1244 extrema
429 1182 469 1242 ab
484 1191 570 1258 tergo
586 1183 742 1258 carpenda
755 1181 872 1242 hostes.
896 1182 991 1242 breve

12 1255 14 1346 ξ
37 1271 162 1324 certarnen
182 1267 262 1327 teris
284 1273 454 1328 annaturae
480 1266 612 1326 maxime
632 1281 700 1325 cum
722 1266 990 1340 procursatoribus

12 1351 13 1354 ’
38 1345 89 1408 luit:
107 1349 221 1424 equites
237 1352 422 1427 peditesque
437 1350 505 1411 sine
519 1350 647 1411 tumultu
661 1349 692 1409 in
709 1355 810 1410 castra
823 1349 990 1412 redierunt.

99 1433 250 1496 Demessis
275 1437 358 1495 circa
378 1433 536 1509 segelibus
549 1430 678 1495 Romani
693 1432 733 1494 ad
748 1433 930 1495 Cranonium
945 1435 989 1495 in·

37 1521 124 1576 tactum
140 1533 248 1592 agrum
270 1525 372 1579 castra
391 1525 523 1578 movent.
553 1517 593 1577 ibi
615 1533 684 1578 cum
699 1516 801 1579 securi
817 1523 848 1578 et
864 1524 990 1593 propter

38 1606 178 1661 castrorum
201 1603 456 1679 longinquitatem
478 1607 508 1660 et
529 1600 598 1661 viae
617 1600 720 1677 inopis
742 1618 890 1678 aquarum
911 1601 986 1662 dilfi·

38 1683 167 1760 cultatem,
193 1701 277 1762 quae
298 1685 377 1746 inter
397 1683 562 1763 Sycurium
583 1693 613 1745 et
636 1684 775 1748 Crannona
797 1693 854 1760 est,
880 1687 989 1746 stativo

38 1761 168 1844 baberent,
194 1777 326 1846 repente
349 1770 446 1844 prima
469 1771 538 1830 luce
563 1768 592 1827 in
617 1767 843 1828 imminentibus
868 1768 989 1830 tumulis

15 1880 19 1888 ·
37 1850 161 1924 equitatus
174 1853 283 1929 regins
302 1869 369 1914 eum
385 1853 444 1913 levi
459 1859 611 1914 amacura
621 1852 708 1912 visus
719 1851 871 1925 ingentem
882 1853 991 1912 tumul·

37 1937 83 1992 tun
94 1935 167 1996 tecit.
189 1937 293 2013 pridie
307 1953 364 2015 per
377 1935 534 1997 meridiem
550 1935 680 2011 proiecti
691 1933 730 1994 ab
742 1932 875 2013 Sycurio
888 1941 989 2005 erant;

37 2017 145 2088 peditum
162 2037 274 2096 agmen
292 2022 350 2082 sub
365 2023 435 2082 luce
450 2020 638 2096 reliquerant
654 2019 684 2080 in
700 2018 842 2094 proxima
857 2018 990 2094 planitie.

38 2100 98 2161 stetit
116 2104 276 2182 paulisper
289 2105 320 2164 in
336 2105 475 2179 tunnulis,
497 2104 566 2164 elici
579 2120 678 2180 posse
692 2110 776 2164 ratus
792 2103 833 2163 ad
847 2111 991 2200 equestre

27 2192 162 2248 certamen
176 2190 353 2259 Romanos,
377 2187 429 2264 qui
445 2194 611 2264 postquam
625 2187 700 2248 nihil
715 2187 888 2262 movebant,
905 2187 991 2264 equi-

38 2271 80 2326 len
95 2271 175 2333 mittit
190 2291 253 2350 qur
236 2272 382 2349 pedites
396 2272 512 2332 reterre
528 2271 568 2332 ad
582 2271 746 2351 Sycurium
760 2272 849 2348 signa
863 2268 990 2345 iuberet,

38 2347 87 2423 ipse
102 2371 170 2416 mox
191 2357 361 2418 insecutus.
397 2355 526 2416 Romani
548 2357 667 2431 equites
688 2357 810 2418 modico
832 2355 990 2416 intervallo

38 2446 184 2517 sequentes,
201 2440 302 2503 sicubi
317 2456 447 2516 sparsos
462 2455 499 2500 ac
514 2439 682 2516 dissipatos
693 2439 841 2501 invadere
853 2447 991 2514 possent,

38 2528 172 2597 postquam
188 2527 346 2586 confertos
362 2522 456 2598 abire,
478 2524 566 2598 signa
581 2531 675 2600 atque
690 2525 813 2584 ordines
831 2529 991 2582 servantes

39 2598 159 2682 ιιιιιιιιι,
168 2609 226 2670 et
218 2610 280 2686 ipsi
294 2610 324 2669 in
341 2615 443 2670 castra
455 2607 595 2668 redeunt

98 2689 182 2752 LXV.
211 2695 287 2753 Inde
313 2692 453 2754 offensus
482 2691 702 2767 longinquitate
728 2685 844 2748 itineris
870 2703 925 2746 rex
953 2687 993 2746 ad

22 2811 27 2826 .
39 2765 181 2845 Mopselum
194 2784 296 2838 castra
307 2777 417 2848 movit,
438 2782 468 2838 et
478 2775 608 2837 Romani
620 2771 771 2834 demessis
784 2768 931 2832 Cranonis
944 2786 992 2830 se-

12 2863 51 2936 ,ι
38 2853 164 2920 natibus
155 2878 186 2921 m
209 2862 437 2922 Phalannaeum
461 2875 567 2934 agrum
593 2863 759 2919 transeunt
792 2854 833 2916 ibi
859 2871 928 2916 cum
952 2870 993 2915 ex

12 2943 14 3064 y
40 2939 168 3028 transfuga
190 2952 358 3022 cognosset
377 2959 434 3005 rex
447 2943 516 3004 sine
536 2944 598 3004 ullo
613 2947 728 3002 armato
751 2939 905 3016 praesidio
921 2955 991 3016 pas·

12 3016 79 3112 sin
92 3037 231 3102 negantes
242 3045 300 3105 per
314 3043 407 3104 agros
417 3028 574 3088 Romanos
589 3031 718 3100 metere,
733 3041 803 3085 crnn
814 3023 894 3084 mille
906 3024 993 3100 equi

12 3065 110 3184 tibus,
129 3112 249 3175 duobus
269 3112 391 3174 milibus
406 3111 555 3172 Thracum
577 3117 608 3170 et
621 3109 809 3171 cretensium
824 3109 991 3184 protectus

12 3197 89 3262 ιιι]
98 3206 242 3288 ,quantum
257 3199 431 3258 accelerare
446 3201 568 3270 poterat
581 3192 681 3255 effuso
696 3193 816 3269 agmine
830 3191 921 3266 isset,
937 3191 993 3249 im·

12 3267 139 3339 ιιιοιιιο
154 3282 322 3358 adgressus
338 3287 386 3342 est
399 3280 565 3341 Romanos.
597 3276 700 3340 iuncta
713 3274 869 3349 vehicula,
892 3275 991 3348 plera

12 3321 15 3430 ι
42 3366 84 3424 lle
93 3371 208 3439 onusta
221 3366 303 3427 malle
315 3363 482 3425 admodum
495 3359 820 3438 capiuntur,sexcent1
831 3360 926 3418 terme
936 3354 994 3414 ho·

12 3461 14 3510 ι
12 3433 122 3504 eines.
151 3449 297 3530 praedam
323 3447 556 3510 custodiendam
576 3445 812 3519 ducendamque
834 3440 864 3498 in
892 3442 992 3496 castra

12 3513 15 3706 l
