2328 3870
173 217 216 280 84
351 216 466 276 LIBER
480 216 540 275 XL.
562 215 646 275 CAP.
659 223 704 276 db.
716 222 759 276 36.
782 221 793 285 1
795 237 819 272 ι.
830 217 865 270 U.
877 237 901 272 c.
912 221 975 285 siti

174 377 227 430 aut
240 367 402 428 adfirmare
416 365 505 427 nobis
520 374 619 440 potes,
637 374 668 426 et
680 364 855 426 habendum
868 364 929 424 illic
943 365 1044 440 utique
1057 379 1128 423 exer

174 453 265 512 citum
287 465 413 522 censes,
433 458 534 510 utnrm
552 450 674 509 tandem
695 455 803 509 auctor
823 448 942 509 senatui
963 449 1005 507 sis
1024 444 1129 522 supple

174 543 308 596 mentum
322 535 352 594 in
364 533 543 608 Hispaniam
556 532 701 602 mittendi,
716 531 785 593 ulii
798 533 890 594 modo
906 531 1016 607 quibus
1026 531 1130 590 emerita

174 617 328 693 stipendia
341 617 402 676 sint
415 615 525 677 milites
540 615 734 688 dimittantur,
755 615 909 676 uderibus
923 613 1061 676 militibus
1072 615 1130 674 tiro

173 717 230 762 nes
244 700 484 772 immisceamur,
506 715 545 758 an
560 698 701 759 deductis
714 699 755 760 de
768 697 929 773 pmvincia
941 698 1085 760 veteribus
1097 698 1128 755 le

173 783 317 860 sionibus
329 798 427 842 novas
440 782 655 843 conscribendi
665 789 697 842 et
707 781 852 855 mittendi,
867 797 936 842 cum
947 787 1129 855 contemptun

172 868 343 928 tirocinium
363 865 455 926 etiam
473 865 611 927 mitiores
630 866 780 928 barbaros
797 866 934 926 exaitare
947 865 988 925 ad
999 863 1127 925 rebelnn·
1162 923 1163 940 ,

174 952 247 1011 dum
267 951 390 1025 possita
411 948 495 1010 dictu
516 965 608 1024 quam
627 966 663 1010 re
680 949 800 1010 facilius
813 950 854 1011 sit
865 948 1052 1025 provinciam
1062 947 1129 1020 inge

174 1034 225 1094 nio
246 1035 398 1106 ferocem,
421 1033 641 1094 rebellatricem
657 1031 840 1094 confecisse.
870 1047 990 1108 paucae
1004 1027 1128 1098 civitates,
1162 1063 1163 1070 ι

171 1125 206 1178 ut
219 1117 343 1193 quidem
358 1133 416 1192 ego
431 1117 534 1191 audio,
550 1133 628 1192 quas
642 1116 744 1178 vicina
753 1117 885 1176 maxime
895 1115 1023 1176 hiberna
1031 1126 1128 1190 preme
1162 1189 1163 1192 1

173 1201 259 1274 bant,
286 1200 316 1261 in
338 1201 386 1262 ius
408 1201 622 1274 dicionemque
641 1207 806 1268 venerante
832 1197 994 1260 ulteriores
1014 1193 1128 1258 inarmis
1161 1205 1163 1234 ἵ

171 1292 251 1345 sunt
281 1300 361 1359 quae
380 1299 450 1344 οιιιιι
470 1282 513 1343 ita
532 1285 607 1356 sint,
630 1298 689 1358 ego
706 1282 765 1342 iarn
779 1282 851 1344 hinc
865 1282 1026 1357 praedico,
1045 1285 1129 1355 patres
1161 1325 1163 1360 3

171 1368 354 1441 conscripti,
375 1382 425 1426 me
445 1367 649 1438 exercitueo,
672 1366 900 1440 quinuncest,
920 1362 1129 1440 rempublicam

172 1449 466 1510 administraturum.
485 1448 772 1510 sideducatsccum
781 1449 1065 1523 Flaccuslegionea
1074 1445 1163 1503 Ιοοο
1161 1445 1163 1494 ι

170 1541 282 1606 pacata
294 1547 344 1591 mc
358 1532 398 1592 ad
411 1529 609 1591 hibernacula
619 1533 776 1604 lecturum,
792 1544 894 1607 neque
903 1547 1018 1593 novum
1028 1528 1128 1588 militen
1160 1511 1163 1594 1

170 1613 363 1676 ferocissimo
383 1614 465 1673 hosti
484 1615 703 1675 obiecturum!⁶
737 1615 872 1676 XXXVI.
903 1615 1022 1690 legatus
1041 1612 1075 1673 ad
1092 1625 1127 1679 ιιι
1161 1595 1163 1662 ¹

171 1714 252 1774 quae
268 1699 471 1774 interrogatus
485 1704 566 1773 erat,
586 1698 749 1773 respondit
762 1713 863 1774 neque
879 1715 914 1759 se
930 1713 1030 1773 neque
1043 1707 1163 1770 quen-
1161 1743 1163 1774 ,

171 1797 263 1856 quam
278 1781 369 1842 alium
380 1782 521 1844 divinare
535 1797 641 1857 posse,
655 1782 729 1858 quid
746 1783 777 1842 in
791 1782 891 1842 animo
903 1780 1041 1844 celbberi
1053 1776 1127 1836 habe

170 1875 240 1929 rent
259 1874 312 1928 aut
326 1882 420 1941 porro
435 1865 567 1926 habituri
580 1873 696 1926 essent
723 1865 827 1941 itaque
841 1881 956 1940 negare
971 1881 1030 1926 non
1043 1871 1128 1937 possb

173 1951 246 2024 quin
261 1951 374 2010 rectius
390 1949 430 2010 sit
444 1950 533 2010 etiam
547 1949 587 2008 ad
601 1957 729 2024 pacatos
743 1948 909 2022 barbaros,
925 1949 1057 2010 nondum
1068 1941 1128 2003 sris
1162 1989 1163 2026 3

170 2034 317 2094 adsuetos
332 2034 476 2108 imperio,
491 2033 657 2092 exercitum
670 2034 754 2093 mitti.
783 2048 865 2094 novo
879 2039 982 2094 autent
995 2047 1031 2092 an
1045 2034 1129 2088 vetere
1161 2037 1163 2088 1

170 2117 307 2175 exercitu
328 2132 407 2191 opus
428 2116 482 2188 sit,
504 2115 572 2173 elus
586 2130 659 2176 esse
673 2116 776 2177 dicere
791 2114 844 2191 qui
859 2115 940 2178 scire
955 2115 1062 2212 possit,
1081 2121 1129 2183 qut
1161 2115 1163 2192 1

169 2198 232 2257 ilde
247 2199 415 2258 celtiberi
407 2215 437 2258 ιιι
455 2213 534 2272 ροοο
547 2199 682 2258 mansuri
698 2199 773 2272 sint,
795 2198 885 2259 simul
900 2207 931 2260 et
944 2201 995 2275 qui
1009 2195 1127 2258 illudex-

169 2280 322 2355 ploratum
335 2280 457 2354 lrabeat,
472 2281 629 2356 quieturos
644 2282 763 2353 milites,
778 2299 806 2342 sl
798 2281 957 2343 diutius'
949 2300 978 2343 ιο
994 2274 1129 2359 provincia

168 2365 364 2425 retineantur.
385 2365 413 2425 si
427 2380 467 2424 ex
480 2380 528 2438 eo,
544 2365 629 2438 quod
642 2374 694 2426 aut
707 2367 785 2426 inter
798 2381 834 2425 se
843 2367 1008 2442 loquantur
1017 2371 1064 2423 aut
1074 2371 1127 2420 sue

170 2447 401 2510 clamationrbus
411 2447 495 2524 apud
507 2447 733 2509 contionantem
742 2450 958 2524 imperatorem
969 2445 1128 2524 significent

170 2531 246 2605 quid
265 2533 398 2594 sentiant
418 2531 651 2606 coniectandum
671 2531 726 2608 sit,
748 2533 850 2608 palam
870 2534 1052 2594 vociferatos
1071 2537 1128 2586 esse
1161 2549 1163 2556 ’

168 2622 222 2675 aut
240 2617 455 2691 imperatorem
475 2617 505 2675 in
527 2614 687 2690 provincia
706 2622 880 2678 retenturos
901 2624 954 2678 aut
973 2631 1040 2676 cum
1059 2625 1091 2670 eo
1104 2605 1128 2666 in

167 2697 285 2758 Italiam
307 2710 455 2762 venturos
481 2715 562 2761 esse.
596 2699 850 2775 disceptationem
875 2701 954 2762 inter
976 2703 1128 2783 praetorem

168 2781 363 2858 legatumque
384 2783 545 2844 consulum
567 2783 674 2844 relatio
694 2783 869 2859 interrupit,
890 2784 943 2859 qui
958 2798 1030 2844 suas
1043 2769 1128 2838 ornati

167 2864 353 2936 provincias,
370 2864 549 2941 priusquam
564 2866 603 2926 de
615 2867 766 2941 praetoris
780 2867 919 2929 exercitu
932 2871 1076 2944 ageretur,
1088 2872 1127 2916 ar

168 2961 261 3020 quum
283 2949 458 3009 censebant.
491 2965 591 3010 novus
613 2951 712 3011 omnia
732 2950 887 3012 exercitus
907 2944 1128 3013 consulibusest

167 3029 324 3102 decretus,
345 3030 436 3091 binae
457 3032 594 3132 legiones
607 3034 764 3094 Romanae
784 3051 854 3096 cum
874 3051 932 3098 suo
947 3032 1087 3110 equitatu,
1103 3027 1128 3080 et

167 3113 284 3172 socium
299 3076 396 3174 L'atini
411 3115 541 3176 nominis
557 3125 689 3193 quantus
703 3133 827 3192 semper
840 3135 999 3189 numerus,
1018 3107 1126 3202 quiade

167 3195 225 3254 cim
241 3196 323 3255 milia
334 3196 470 3273 pediturn
485 3207 516 3260 et
529 3200 693 3273 octingenti
708 3201 836 3276 equites.
861 3219 931 3263 cum
940 3203 999 3262 boe
1009 3189 1127 3258 exercitu

167 3278 307 3352 Apuanis
321 3278 485 3354 Liguribus
505 3290 539 3343 ut
557 3283 669 3342 bellum
689 3283 836 3346 inferrent
848 3287 1034 3351 mandatum
1033 3284 1084 3340 est.
1101 3270 1127 3328 P

167 3360 308 3424 cornelio
324 3363 404 3423 etll.
415 3363 531 3426 Baebio
546 3375 743 3440 prorogatum
754 3367 914 3444 imperium
925 3367 1058 3440 iussique
1067 3369 1126 3434 prb

166 3445 285 3506 vincias
300 3447 454 3519 obtinere,
469 3449 569 3509 donec
584 3452 728 3511 consules
743 3453 916 3522 venissent;
939 3460 1000 3512 turn
1014 3448 1127 3519 impera·
