2364 3862
245 220 361 280 arsen
374 221 465 280 xcv.
490 220 573 280 aar.
589 227 655 284 ar.
677 227 712 294 [ι.
726 223 831 300 oras]
962 222 1025 286 259

72 373 172 448 quidem
184 373 375 446 abscedebat,
391 372 491 432 donec
503 372 592 432 iussu
603 370 656 432 Cn.
670 370 786 432 Octavii
798 377 1024 448 pronuntiatum

71 463 107 516 est
127 471 177 530 per
196 471 378 531 praeconem
397 453 501 530 regios
526 469 642 530 pueros
661 455 912 532 Macedonasque
936 459 1024 533 alios,

70 538 319 612 quiSamothracaa
333 547 446 613 essent,
469 539 667 599 sitransirent
680 539 891 614 adRomanos,
907 540 1023 602 incolu-

68 621 178 682 mitatem
191 623 421 696 libertatemque
436 629 467 682 et
480 637 537 682 sua
555 623 656 682 omnia
671 631 857 698 servaturos,
879 633 1025 700 quaeant

13 713 14 716 ’
66 720 150 765 secum
169 705 316 766 haberent
335 712 388 766 aut
407 705 437 765 in
451 705 633 766 Macedonia
648 705 854 780 reliquissent.
889 708 931 767 ad
944 708 1024 768 hanc
1069 709 1072 727 ¹

64 803 154 848 vocem
171 787 308 849 transitio
331 788 467 849 omniurn
487 789 568 848 iacta
582 795 638 861 est,
654 790 840 864 nominaque
855 791 970 853 dabant
984 793 1023 852 ad

13 925 14 928 ,
64 871 274 932 dPostumium
291 871 444 932 tribunum
459 873 592 932 militam.
627 871 741 932 liberos
762 889 887 949 quoque
907 890 1023 950 parvos

62 953 146 1028 regios
165 955 217 1016 lon
239 954 524 1014 llrcssalonicensis
545 955 672 1016 Octavio
694 956 833 1025 tradidit;
860 973 916 1018 nec
938 957 1023 1032 quis-

13 1075 15 1116 ,
63 1053 144 1112 qnam,
165 1045 286 1114 praeter
310 1037 480 1114 Philippum
495 1039 659 1098 maximum
686 1048 760 1099 natu
782 1055 823 1099 ex
848 1040 928 1114 tiliis,
955 1057 1022 1102 cum

13 1117 15 1196 ζ
61 1122 260 1194 regaretictus.
284 1121 598 1198 tumsesaflliumque
620 1121 747 1184 Octavio
767 1122 905 1197 tradidit,
927 1125 1023 1184 tortu·

13 1207 15 1278 l
61 1218 117 1262 nan
129 1205 274 1282 deosque,
291 1219 421 1280 quorum
435 1207 580 1282 templum
591 1212 666 1280 erat,
681 1206 764 1265 nulla
778 1221 839 1280 ope
851 1206 1022 1282 supplicem

13 1307 15 1350 l
59 1286 179 1350 iuvantes
193 1303 357 1350 accusans.
385 1287 416 1349 in
438 1289 623 1364 praetoriam
647 1304 757 1349 navem
776 1287 893 1364 imponi
907 1289 1022 1365 iussus,

13 1351 15 1436 Ξ
59 1371 150 1430 eodem
164 1381 194 1434 et
207 1371 356 1447 paeana,
379 1387 459 1448 quae
480 1373 635 1448 superfuit
650 1374 752 1434 delata
768 1379 831 1444 est;
854 1376 1022 1450 extemplo

13 1437 15 1540 l
59 1471 108 1528 quc
120 1455 226 1518 classis
241 1455 450 1531 Amphipolim
463 1456 582 1532 repetit.
618 1456 691 1524 inde
711 1455 856 1517 Octavius
873 1473 978 1534 regem
991 1457 1021 1517 in

57 1541 189 1600 cahaad
201 1541 360 1600 consulem
371 1539 454 1600 misit
463 1539 643 1614 praemissis
656 1540 773 1615 litteris,
785 1547 819 1601 ut
829 1541 860 1601 in
873 1549 1023 1620 potestate

58 1635 113 1682 mna
125 1637 193 1684 esse
208 1631 241 1685 et
251 1621 365 1683 adduci
383 1621 486 1683 sciret.

126 1707 189 1767 Vll.
218 1705 394 1767 Secundam
415 1722 482 1766 eam
502 1705 630 1781 Paulus,
656 1707 736 1766 sicut
760 1714 839 1778 erat,
865 1703 1024 1767 victoriam

56 1795 126 1850 ratus
137 1789 280 1851 victimas
296 1788 407 1851 cecidit
420 1805 458 1850 eo
473 1789 594 1859 nautica
617 1797 648 1851 et
664 1787 794 1849 consilio
809 1790 960 1850 advocato
976 1790 1023 1848 lit-

56 1878 123 1934 teras
136 1871 289 1949 praetoris
305 1887 374 1933 cum
387 1871 558 1946 recitasset,
575 1873 610 1947 Q.
625 1873 746 1931 Aelium
760 1872 953 1932 Tuberonem
969 1874 1023 1932 ob-

56 1955 122 2016 nam
139 1956 204 2032 regi
225 1955 321 2030 misit,
342 1961 463 2017 ceteros
484 1971 608 2016 manere
628 1956 658 2014 in
674 1955 828 2030 praetorio
845 1957 1023 2031 trequentes

55 2038 135 2101 iussit.
167 2057 233 2102 non
254 2039 331 2100 alias
352 2041 506 2100 adullam
528 2041 737 2115 spectaculum
756 2045 839 2098 unta
862 2040 1022 2100 multitudo

56 2125 179 2184 occurit,
209 2131 330 2200 patrum
345 2129 444 2183 aetate
459 2123 589 2201 Syphax
601 2133 660 2183 rex
676 2129 783 2197 captus
799 2123 830 2182 in
846 2131 947 2184 castra
960 2124 1022 2184 Ro·

54 2222 129 2267 nana
141 2208 295 2268 adductus
308 2213 389 2276 erat;
409 2213 624 2282 praeterquam
640 2208 724 2283 quod
738 2223 797 2268 nec
812 2223 938 2268 suanae
949 2223 1022 2283 gen·

53 2289 83 2348 tis
96 2292 171 2352 tama
186 2290 430 2365 comparandus,
446 2297 519 2352 tunc
540 2291 681 2351 accessio
700 2290 807 2351 Punici
827 2290 900 2352 belli
915 2293 1023 2364 luerat,

54 2373 119 2435 scut
134 2375 262 2436 (landus
275 2373 484 2434 Macedonian
507 2373 637 2434 Perseus
659 2381 751 2449 caput
769 2375 842 2434 belli
863 2381 943 2447 erat,
965 2389 1023 2434 nec

53 2455 137 2530 ipsius
150 2465 268 2520 unium
278 2458 373 2532 patris
385 2456 508 2532 avique,
522 2473 602 2533 quos
615 2459 764 2533 sanguine
775 2471 811 2516 aa
823 2473 937 2532 genere
949 2474 1022 2518 con-

53 2539 181 2616 tingebat,
197 2543 281 2602 lama
295 2549 495 2616 conspectum
509 2557 578 2600 euro
593 2541 754 2614 efficiebat,
767 2541 824 2600 sed
838 2540 1024 2614 effulgebant

51 2621 196 2700 Philippus
212 2641 250 2686 ac
266 2640 396 2700 magnus
406 2625 599 2697 Alexander,
621 2625 673 2698 qui
694 2639 846 2683 summum
861 2622 1023 2697 imperium

52 2703 77 2763 in
90 2708 160 2768 orbe
172 2716 324 2770 terrarum
337 2707 541 2770 Macedonum
555 2709 700 2767 fecerant.
738 2707 821 2782 pullo
838 2706 965 2767 amictus
982 2708 999 2746 *
1007 2707 1024 2742 ⁴¹

51 2788 92 2850 illo
102 2791 233 2852 Perseus
248 2792 409 2866 ingressus
422 2798 471 2852 est
485 2798 585 2853 castra
595 2793 679 2851 nullo
692 2807 819 2852 suorum
829 2791 889 2852 alio
903 2789 1023 2865 comite,

53 2874 94 2947 qui
108 2875 213 2936 socius
230 2873 409 2936 calamitatis
430 2873 682 2935 miserabiliorem
703 2891 774 2936 eum
797 2876 919 2936 iaceret.
952 2892 1023 2950 pro·

51 2958 125 3029 gredi
140 2975 216 3034 prae
229 2959 319 3018 turba
334 2960 557 3019 occurrentium
579 2959 620 3018 ad
637 2959 847 3034 spectaculum
861 2976 922 3020 non
937 2965 1022 3034 pote-

50 3047 96 3114 rai,
110 3043 211 3103 donec
225 3059 245 3102 a
260 3043 389 3102 consule
409 3041 534 3103 lictores
549 3039 637 3103 missi
651 3049 772 3117 essent,
795 3043 847 3118 qui
869 3050 1022 3104 summoto

51 3119 99 3182 iter
111 3127 149 3186 ad
161 3126 347 3202 praetorium
363 3127 507 3186 lacerent.
543 3127 736 3187 consurrexit
751 3129 869 3200 consul,
884 3134 914 3188 et
928 3123 1023 3186 iussis

51 3209 150 3270 sedere
178 3209 245 3269 aliis
266 3225 516 3285 progressusque
537 3211 662 3284 paulum
681 3211 846 3272 introeunti
864 3209 930 3283 regi
950 3209 1023 3268 dex·

51 3294 117 3352 tram
136 3293 285 3368 porrexit.
321 3291 619 3369 summittentemque
648 3309 683 3354 sc
704 3295 744 3353 ad
766 3294 863 3368 pedes
892 3289 1021 3360 sustulit,

50 3387 99 3435 aec
112 3377 261 3452 attingerc
275 3391 377 3452 genua
391 3392 504 3452 passus
519 3377 722 3437 introductum
742 3376 775 3435 in
794 3374 1024 3438 tabernaculam

50 3455 407 3522 atheneusadvocatosin
417 3459 850 3576 consiliumconsidereiussit.
865 3456 945 3515 Vlll.
962 3454 1023 3530 pri·

760 3547 791 3600 17
