2328 3870
284 201 399 262 amna
412 201 474 262 xa.
498 203 580 263 ota.
596 213 638 266 m.
661 206 742 283 [cc.
755 209 818 286 ror]
994 210 1038 274 oa

80 353 215 428 perfusum
230 350 305 412 fletu
323 359 487 427 appareret
507 353 649 416 omnibus
663 355 748 431 loqui
763 371 824 416 non
840 373 946 433 posse.
972 367 1037 422 tan·

80 437 132 496 dem
151 435 222 496 vicit
239 435 379 496 dolorem
398 435 468 511 ipsa
482 436 669 513 necessitas,
690 453 759 499 cum
775 439 877 501 dicere
891 442 1038 519 iuberent,

76 526 151 594 atque
165 517 205 580 ita
224 534 318 580 orsus
339 525 397 580 est
423 519 548 594 „omnia
570 535 650 596 quac
672 537 796 584 reorum
817 532 907 586 antea
920 526 1039 586 fuerant

72 604 178 676 auxilia,
192 607 286 678 pater,
300 605 541 680 praeoccupavit
551 611 723 666 accusator.
744 604 894 668 simulatis
905 607 1038 670 lacrimis

69 686 94 746 in
112 685 230 748 alterius
251 685 419 761 perniciem
438 703 529 751 veras
551 703 635 748 meas
651 688 792 750 lacrimas
807 698 970 766 suspectas
985 693 1037 752 tibi

68 770 137 830 fecit
161 771 329 845 cumipse,
351 785 389 830 ex
404 786 467 846 quo
482 772 521 831 ab
536 772 633 832 Roma
648 769 741 844 redii,
762 789 819 848 per
833 776 955 836 occulta
968 790 1037 836 cum

1 901 2 912 ,
65 854 123 914 suis
143 853 298 929 colloquia
318 852 384 913 dics
405 862 576 930 noctesque
597 854 771 928 insidiatur,
793 858 872 920 uitro
886 857 960 918 mihi
974 875 1035 920 noa

63 936 241 999 insidiatoris
265 938 358 998 modo
384 938 442 999 scd
465 939 593 1000 latronis
617 939 769 1001 manifesti
789 948 820 1002 et
839 943 1035 1016 percussoris

61 1021 189 1097 speciem
203 1021 310 1082 induit.
332 1021 471 1096 periculo
486 1038 544 1084 suo
559 1029 589 1084 te
603 1030 749 1097 exterret,
765 1031 798 1084 ut
812 1025 936 1087 innoxio
951 1025 1035 1087 fratri

59 1105 252 1180 pereundam
262 1111 293 1164 te
304 1111 433 1167 maturet
443 1106 617 1182 perniciem.
634 1109 805 1182 perfugium
817 1108 875 1168 sibi
882 1123 1034 1183 nusquam

1 1202 2 1216 ³
59 1190 186 1264 gentium
199 1203 273 1249 esse
287 1189 336 1262 ait,
352 1196 455 1264 utego
467 1206 506 1250 ne
517 1190 602 1264 apud
613 1199 642 1251 te
655 1190 778 1265 quidem
790 1191 858 1265 spei
870 1192 1035 1266 quicquam

58 1273 189 1349 reliquae
214 1270 353 1352 habeam.
390 1273 628 1335 circumventum
653 1273 753 1334 scium
773 1270 896 1348 inopem
921 1273 1036 1334 invidia

58 1358 166 1432 gratiae
181 1363 336 1430 externae,
352 1371 433 1432 quae
446 1357 536 1418 obest
546 1355 650 1433 potius
661 1373 752 1433 quam
765 1357 903 1431 prodest,
918 1365 1033 1418 onerat

57 1439 111 1500 iam
134 1440 211 1500 iliud
237 1455 328 1515 quam
348 1441 555 1526 accusatorie,
581 1439 667 1516 quod
687 1441 787 1502 noetis
808 1440 899 1502 huius
920 1441 1034 1502 crimen

1 1574 2 1577 ,
58 1523 173 1584 miscuit
183 1539 252 1583 cum
264 1530 366 1584 cetera
376 1523 575 1585 insectatione
587 1524 667 1584 vitae
678 1539 774 1599 meac,
784 1531 857 1586 utet
867 1524 936 1599 hoc,
949 1525 1035 1600 quod
1079 1535 1082 1542 ’

1 1677 2 1680 ¹
58 1607 110 1667 iam
130 1608 223 1684 quale
243 1607 284 1667 sit
303 1606 400 1682 scies,
421 1615 600 1684 suspectum
620 1607 681 1669 alio
694 1607 776 1668 vitae
788 1615 913 1670 nosuac
926 1616 1034 1670 tenore

58 1691 174 1765 iaceret,
189 1696 221 1751 et
233 1691 314 1750 iilam
328 1705 438 1750 vanam
454 1689 691 1751 criminationem
707 1691 774 1766 spei
784 1692 949 1753 voluntatis
961 1706 1033 1753 con-

58 1774 188 1836 siliorum
211 1789 350 1834 meorum
370 1781 519 1836 nocturno
539 1774 600 1834 froc
620 1773 692 1834 doto
713 1780 744 1834 et
757 1773 929 1849 composito
944 1789 1035 1849 argu-

57 1866 151 1920 mento
172 1857 316 1920 iulonctt
343 1857 432 1918 simul
452 1864 484 1918 et
503 1857 578 1918 iilud
597 1855 762 1932 quaesivit,
785 1864 819 1917 ut
831 1857 992 1931 repemina
1005 1864 1036 1917 et

1 1943 2 1954 ²
57 1942 172 2003 minirne
186 1947 372 2018 praeparata
386 1941 543 2003 accusatio
558 1940 728 2013 videretur,
750 1940 866 2015 quippe
881 1955 921 1998 cx
935 1939 1033 2000 nocds

1 2023 2 2080 Ξ
57 2025 139 2086 huius
160 2032 244 2086 metu
264 2032 296 2085 et
311 2027 440 2086 tumuitu
454 2024 614 2102 repentino
628 2031 746 2086 exorta.
774 2023 911 2099 oportuit
923 2030 1034 2099 autem

1 2129 2 2163 2
55 2109 174 2184 Persen,
189 2108 217 2169 si
233 2109 373 2184 proditor
387 2124 445 2184 ego
460 2109 556 2186 patris
571 2105 721 2184 regnique
736 2123 828 2182 eram,
847 2107 874 2168 si
888 2123 957 2169 cum
971 2109 1033 2169 Ro-

55 2194 163 2268 manis,
184 2193 213 2255 si
235 2209 305 2252 cunr
325 2192 394 2253 aliis
408 2191 538 2254 inimicis
552 2191 648 2268 patris
665 2190 791 2253 inieram
806 2192 949 2265 consilia,
971 2208 1033 2253 non

2 2285 3 2354 j
55 2282 261 2354 exspectatam
285 2276 418 2337 fabulam
439 2277 538 2338 noctis
555 2276 647 2336 huius
663 2292 750 2351 csse,
771 2277 828 2338 sed
849 2273 1033 2352 proditionis

55 2375 135 2421 meae
158 2367 229 2420 autc
249 2375 299 2420 me
318 2366 512 2421 accusatum:
536 2360 563 2421 si
582 2360 634 2420 iila
653 2368 798 2436 separata
813 2360 873 2422 hac
886 2375 967 2420 vana
981 2375 1032 2419 ac·

55 2445 168 2506 cusatio
188 2452 256 2506 erat
275 2443 484 2521 invidiamque
498 2450 580 2505 tuam
599 2445 750 2505 adversus
765 2443 925 2519 montagis
940 2458 1033 2518 quam

2 2553 4 2606 ]
55 2530 162 2589 crimen
176 2544 280 2589 meum
297 2527 481 2603 indicatura,
502 2527 594 2589 hodie
609 2543 735 2603 quoquc
749 2542 818 2586 earn
832 2534 885 2586 out
897 2531 1033 2600 praetcr-

3 2631 5 2692 ;
54 2613 121 2674 mitti
136 2618 189 2673 aut
203 2612 234 2671 in
249 2611 332 2672 aliud
346 2616 468 2687 tempus
483 2609 614 2683 differri,
631 2616 666 2669 ut
678 2609 918 2685 perspiceretur,
931 2612 1034 2666 utrum

3 2697 5 2774 ζ
54 2695 117 2772 ipse
131 2712 190 2772 ego
205 2694 260 2755 tibi
273 2711 314 2755 an
327 2701 361 2754 tu
375 2693 463 2768 mihi,
483 2709 564 2755 novo
578 2692 702 2768 quidem
716 2698 747 2751 et
760 2690 906 2764 singulari
919 2704 1035 2765 genere

3 2799 4 2804 ¹
55 2780 119 2855 odii,
134 2778 265 2842 insidias
280 2779 421 2839 fecisses.
454 2793 512 2854 ego
526 2783 636 2850 umen,
652 2773 844 2852 quantumin
859 2771 917 2833 hac
932 2772 1035 2836 subita

55 2863 277 2938 perturbatione
291 2869 415 2939 potero,
437 2861 590 2937 separabo
605 2875 657 2933 ea,
673 2873 753 2935 quac
767 2865 800 2920 tu
815 2859 989 2936 confudisti,
1004 2866 1035 2921 et

55 2947 147 3010 noctis
166 2948 259 3008 huius
281 2945 410 3007 insidias
430 2952 483 3006 aut
502 2952 571 3007 tuas
591 2951 644 3005 aut
663 2959 749 3004 meas
770 2943 918 3019 detegam.
952 2945 1033 3006 occi-

56 3032 142 3093 dendi
163 3032 212 3092 sui
228 3030 390 3092 consilium
406 3029 502 3090 inisse
518 3045 567 3089 me
581 3028 678 3089 videri
691 3029 770 3102 vult,
789 3036 824 3089 ut
837 3028 956 3089 scilicet
969 3044 1032 3088 ma·

54 3115 112 3176 iore
127 3117 220 3176 fratre
236 3113 367 3190 sublato,
382 3113 470 3175 cuius
483 3113 550 3173 iure
564 3111 707 3188 gentium,
723 3127 809 3173 more
819 3112 1032 3184 Macedonum,

5 3247 7 3260 ,
55 3207 101 3260 tuo
116 3199 224 3274 etiam,
239 3205 273 3260 ut
288 3197 341 3275 ait,
356 3197 470 3258 iudicio
485 3211 613 3272 regnum
629 3203 677 3258 est
689 3197 838 3270 futurum,
860 3211 918 3271 ego
934 3195 1034 3256 minor

5 3281 6 3342 3
53 3284 79 3342 in
96 3283 171 3357 eius,
189 3297 283 3361 quem
298 3280 498 3356 occidissem,
514 3280 711 3342 succederem
725 3278 838 3344 locum.
869 3280 943 3355 quid
957 3291 1032 3350 ergo

5 3423 6 3426 ,
54 3367 99 3426 iffa
114 3366 172 3428 sibi
187 3369 254 3429 vult
267 3381 342 3443 pars
356 3366 452 3426 altera
465 3364 620 3438 orationis
637 3379 697 3425 oua
708 3363 865 3425 Romanos
878 3379 897 3420 a
908 3375 957 3420 me
969 3360 1031 3416 cuf-

5 3443 7 3456 ’
56 3460 97 3512 tos
119 3453 160 3512 ait
179 3459 272 3528 atque
293 3465 399 3510 eorum
420 3449 533 3512 fiducia
552 3447 584 3506 in
602 3462 693 3524 spem
713 3457 799 3530 regni
819 3459 868 3504 me
887 3439 1031 3500 venisset
