2328 3870
174 186 283 246 LIBER
292 186 381 247 XLIl.
403 187 485 247 chr.
497 196 540 248 24.
552 197 596 249 25.
620 193 655 261 [ι.
668 195 702 247 c.
717 195 775 261 rit]
905 189 967 253 149

21 345 58 404 ius
69 341 169 417 gratiae
183 359 241 402 non
260 341 343 402 dare.
365 357 481 416 agrum,
497 355 559 416 qua
573 340 723 416 cuiusque
738 338 787 416 sit,
809 343 966 417 possideri

21 427 93 500 valle,
110 440 162 486 nco
176 441 272 486 novos
288 431 423 486 statuere
437 425 532 498 fines,
554 424 611 484 sed
626 432 747 486 veteres
763 425 922 486 observari
936 427 968 486 in

22 508 99 568 animo
116 508 232 568 habere.
266 507 567 583 Carthaginiensibus
590 506 676 569 victis
704 523 739 567 se
760 515 791 569 et
810 509 918 570 urbem
938 517 970 570 et

24 607 89 666 agros
101 593 299 665 concessisse,
316 608 378 653 non
393 598 427 653 ut
440 591 470 650 in
486 606 563 667 paca
578 592 731 667 eriperent
746 607 802 666 per
817 592 968 668 iniuriam,

25 691 80 749 quoe
90 674 148 736 iuro
161 674 233 736 belii
248 692 310 736 non
328 673 525 736 ademissent.
548 674 590 734 ita
600 676 725 750 regulus
739 674 966 752 Carthaginien-

24 773 108 832 sesque
117 759 240 819 dimissi.
263 775 389 819 munera
400 773 440 818 ex
450 758 586 821 instituto
600 759 671 819 data
682 761 830 835 utrisque,
846 761 967 837 aliaque

23 839 148 916 hospitalia
162 844 289 903 comiter
303 849 495 904 conservata.

7 955 9 1000 ς,
80 923 160 986 XXV.
184 925 249 987 Sub
271 926 353 986 idem
379 933 501 1001 tempus
525 926 577 986 cn.
599 925 745 987 Servilius
769 926 882 1003 Caepio
903 929 965 1003 Ap.

7 1005 133 1070 onom
154 1009 247 1072 Cento
268 1009 301 1068 T.
322 1009 443 1070 Annius
461 1009 583 1070 Luscus
597 1009 689 1084 iegati
703 1010 744 1070 ad
758 1025 808 1070 res
824 1019 965 1087 repeten-

7 1095 8 1100 ’
23 1089 61 1150 das
74 1091 315 1155 inidacedoniam
324 1093 620 1169 renuntiandamque
631 1093 793 1153 amicitiam
804 1095 868 1168 regi
879 1095 965 1158 missi

22 1174 154 1246 rediemnt;
176 1179 229 1253 qui
250 1178 311 1238 iam
331 1193 389 1238 sua
409 1184 520 1253 sponte
541 1175 686 1238 infestum
705 1176 812 1236 Persei
827 1185 966 1238 senatum

7 1281 9 1292 r
22 1253 115 1333 insuper
123 1262 328 1322 accenderunt
338 1261 442 1341 relatis
455 1260 562 1323 ordine
575 1276 655 1336 quae
663 1259 813 1320 vidissent
824 1276 967 1336 quaeque

22 1341 150 1405 audissent
173 1345 293 1404 vidisse
308 1359 343 1404 se
358 1344 414 1420 pei
434 1359 541 1404 omnes
557 1343 650 1404 nrbes
664 1342 869 1406 Macedonum
884 1361 965 1405 sum·

21 1426 91 1484 nari
108 1428 203 1502 parari
225 1428 349 1488 beilum.
383 1443 452 1488 curn
473 1428 513 1488 ad
532 1442 636 1502 regem
657 1428 885 1504 pervenissent,
910 1444 968 1505 per

21 1509 101 1570 unitos
123 1512 186 1573 dies
211 1512 419 1574 conveniendi
450 1511 516 1572 eins
543 1517 726 1586 potestatem
751 1529 813 1572 non
839 1513 965 1572 iactamn

23 1599 140 1664 postremo
162 1611 235 1657 curn
255 1596 421 1670 desperato
442 1593 500 1654 iam
524 1595 678 1671 colloquio
700 1597 829 1672 proiecti
850 1605 965 1671 essent,

15 1677 62 1747 ‚hm
72 1677 179 1740 demum
193 1695 231 1740 se
246 1695 286 1738 ex
300 1678 409 1750 itinere
422 1687 585 1740 revocatos
597 1686 627 1739 et
642 1681 682 1739 ad
693 1694 762 1738 eum
773 1680 964 1741 introductos

21 1769 76 1818 esse.
94 1778 161 1823 snae
175 1763 327 1825 orationis
342 1779 491 1823 summam
505 1761 604 1823 tuisse
619 1763 730 1823 foedus
742 1779 810 1822 cnm
823 1762 965 1838 Phiiippo

12 1837 90 1927 ictum
104 1861 166 1908 cum
180 1847 252 1924 ipso
266 1863 304 1908 eo
320 1854 534 1923 postmortem
547 1847 642 1921 patris
654 1852 842 1919 renovatum,
858 1846 888 1904 in
903 1862 963 1919 quo

21 1921 102 1988 dhone
114 1930 270 2005 prohiberi
283 1948 352 1991 enm
367 1938 453 1991 extra
467 1931 546 1990 fines
563 1946 647 1989 arma
662 1928 786 2001 efferre,
810 1929 964 2004 prohiberi

19 2009 94 2071 socios
113 2015 216 2091 popuii
236 2014 367 2076 Romani
388 2015 543 2074 lacessere
564 2013 655 2073 bello.
688 2014 831 2088 exposita
851 2012 964 2073 deinde

21 2087 85 2153 tbse
102 2099 205 2159 ordine
228 2114 309 2174 quae
331 2099 390 2175 ipsi
412 2114 511 2174 nuper
529 2098 560 2158 in
581 2104 691 2157 senatu
710 2097 868 2156 Eumenen
890 2113 964 2156 vera

22 2178 92 2238 anna
110 2189 136 2243 et
155 2189 314 2257 comperta
333 2184 515 2244 referentem
542 2181 711 2242 audissent.
745 2179 963 2242 Samothracae

22 2268 141 2350 posterea
160 2283 217 2342 per
237 2267 349 2326 mnitos
371 2266 437 2326 dies
453 2266 605 2326 occuitum
620 2265 781 2326 consilinm
797 2282 866 2325 cum
881 2267 962 2341 lega·

22 2343 118 2409 ionibus
132 2348 296 2410 civitatium
310 2347 406 2412 Asiae
421 2365 525 2424 regem
539 2349 695 2409 habuisse.
717 2364 773 2425 pro
785 2349 833 2409 his
846 2348 963 2409 iniuriis

23 2426 129 2517 taisicri
142 2440 283 2494 senatum
298 2449 430 2508 aequum
447 2448 589 2507 censere,
605 2431 757 2508 reddique
772 2433 830 2492 sibi
845 2449 896 2492 res
911 2449 960 2493 so-

22 2506 104 2586 tlitque
116 2516 194 2592 suis,
221 2533 300 2595 quas
322 2518 490 2578 contraius
506 2516 640 2577 foederis
655 2516 775 2575 habeat.
802 2531 907 2589 regem
923 2515 963 2574 nd

22 2601 45 2648 h
58 2597 138 2667 primo
158 2618 324 2663 accensum
350 2601 396 2660 ira
416 2601 612 2661 inclementer
631 2599 779 2672 locutum,
805 2597 962 2657 avaritiam

22 2678 219 2760 Buierbiamque
233 2685 381 2746 Romanis
397 2684 579 2745 obicientem
594 2684 784 2757 frequenter,
812 2680 897 2755 qnod
912 2681 962 2739 aiii

22 2766 86 2832 uper
97 2767 167 2828 alios
182 2769 273 2844 iegati
289 2767 428 2828 venirent
441 2770 632 2844 speculatum
647 2765 729 2826 dicta
740 2765 883 2840 iactaque
895 2779 960 2838 sun,

10 2844 78 2914 ,tund
95 2864 125 2909 se
143 2853 183 2911 ad
203 2847 551 2928 nutnm'imperiumque
565 2866 672 2911 eorum
687 2849 789 2912 omnia
808 2849 964 2909 dicerene

10 2916 91 2988 ‘inere
104 2947 229 3011 aequum
244 2943 422 3005 censerent;
444 2943 601 3010 postremo
616 2935 744 2995 multum
760 2949 795 2993 ac
810 2933 862 2993 diu
878 2934 960 2993 voci·

23 2997 113 3074 iturum
126 3020 234 3080 reverti
247 3027 374 3099 postero
390 3020 439 3080 die
455 3019 600 3080 iussisse=
619 3019 766 3094 scriptum
780 3034 815 3078 se
830 3033 961 3092 respon-

23 3096 65 3150 di]
77 3096 140 3161 dore
154 3104 241 3163 velle.
261 3110 326 3164 tum
341 3104 382 3164 ita
396 3103 454 3163 sibi
470 3103 619 3177 scriptum
629 3103 772 3163 traditum
784 3117 872 3162 esse:
896 3103 959 3161 soe-

11 3165 59 3231 riis
70 3193 126 3243 cnm
140 3193 224 3262 patre
239 3186 332 3247 ictum
347 3187 387 3247 nd
403 3201 438 3247 se
452 3185 526 3246 nihil
538 3187 706 3263 pertinere3
729 3186 760 3246 id
772 3202 807 3246 se
818 3186 960 3246 renovari

11 3263 61 3353 'iit
76 3267 136 3338 quin
154 3271 313 3346 probaret,
334 3271 391 3331 sed
412 3273 484 3346 quia
504 3270 534 3329 in
555 3286 637 3331 nova
657 3270 859 3345 possessione
872 3268 965 3342 regni·

23 3345 127 3410 intendo
141 3354 240 3415 omnia
255 3364 375 3429 essent,
397 3369 534 3429 passum.
554 3369 669 3413 novum
685 3353 794 3413 foedus
810 3351 837 3410 si
852 3365 964 3409 secum.

23 3415 92 3488 ioocre
103 3437 221 3513 velient,
244 3439 410 3500 convenire
423 3437 510 3514 prius
526 3438 565 3498 de
580 3433 812 3498 condicionibus
828 3432 959 3498 deberes
