2328 3870
181 184 361 247 llllaaxb
384 187 467 248 cAP.
481 197 585 251 ansa
608 195 644 263 [e
660 196 694 248 c.
711 195 772 264 aas]
921 188 962 255 al

93 337 131 397 ll.
148 338 289 399 censores
300 339 383 400 fideli
394 338 560 402 concordia
571 349 711 404 senatum
722 345 869 419 leserunt
883 346 966 421 prin·

38 437 88 496 ceps
97 423 179 482 lectus
193 430 240 483 est
253 423 320 498 ipse
335 439 446 484 censor
457 424 499 484 Μ.
512 423 663 488 Aemilius
676 425 814 502 Lepidus
829 430 967 504 pontifex

13 555 18 568 .
39 506 158 570 naun:
178 514 237 566 tres
257 507 344 567 eiecti
364 507 404 567 de
424 515 549 579 senatu;
570 509 694 572 retinuit
713 511 865 586 quosdam
878 512 967 589 Lepi·

38 588 213 665 luaneollege
230 589 421 667 praeteritos.
447 608 542 668 opera
561 609 601 653 cx
620 595 754 669 munia
767 595 911 656 attributa
923 597 968 656 dl-

35 672 126 748 vlsaque
146 674 220 734 inter
244 691 281 735 se
300 673 377 736 baec
395 678 603 738 coniecerunt
636 677 774 754 Lepidus
795 680 906 741 melem
928 680 967 739 ad

33 755 194 831 Tarracinam,
219 756 369 841 ingenuan
387 776 487 836 opus,
513 762 598 836 quod
617 763 745 837 praedia
764 761 898 824 babebat
917 763 968 836 ibi,

32 841 199 918 parcamque
211 844 354 918 publicae
368 845 413 904 rei
428 845 795 920 impenseminscrueratr
816 846 968 908 theatrum

31 929 50 982 al
59 926 225 998 proscenium
240 927 280 987 ad
293 927 457 1004 Apollinis,
471 929 581 990 aedem
595 928 677 990 lovis
692 928 723 990 in
740 929 898 1006 Capitolio,
914 945 967 992 co·

29 1005 168 1086 lunasque
185 1009 267 1071 circa
281 1012 442 1086 poliendas
457 1012 527 1074 ubo
541 1013 669 1082 locavitr
691 1019 723 1073 et
736 1013 775 1074 ab
789 1013 837 1074 bis
852 1016 967 1076 colum-

29 1090 70 1165 nis,
81 1109 147 1168 quae
158 1095 351 1178 incommode
364 1095 509 1172 opposita
521 1094 719 1170 videbuntur,
741 1098 830 1172 signa
843 1098 967 1173 amovit,

29 1174 149 1253 clpeque
162 1179 200 1238 de
215 1179 367 1239 columnis
382 1187 413 1239 et
427 1181 516 1255 signa
528 1180 669 1240 militaria
681 1180 786 1239 adfixa
800 1181 900 1242 omnis
915 1195 966 1255 gc·

28 1259 83 1318 neris
97 1261 227 1338 lenpsla
259 1261 301 1322 Μ.
313 1261 439 1324 Frrlvius
459 1265 549 1339 plura
569 1263 737 1324 amnonis
754 1263 869 1324 locavit
881 1279 968 1336 usus,

28 1349 114 1414 pram
132 1353 160 1406 et
177 1347 257 1421 pilas
279 1347 382 1421 pontis
403 1347 433 1406 in
448 1345 595 1421 Tiberim,
616 1346 729 1422 quinus
749 1346 819 1421 pilis
834 1347 968 1408 fornices

27 1433 76 1497 pert
88 1429 192 1505 uiqurn
212 1446 313 1491 anuos
334 1430 367 1489 P.
389 1429 494 1507 Scipio
513 1430 679 1492 Africanus
699 1437 732 1491 ct
748 1429 785 1490 L.
804 1429 968 1492 Mummius

27 1521 134 1573 mures
154 1514 333 1575 locaverunt
350 1513 574 1589 irnnponendosr
595 1515 753 1576 basilicam
771 1521 845 1590 post
859 1531 968 1591 argen-

29 1593 90 1656 tarias
110 1613 200 1659 nevas
226 1606 259 1660 et
278 1597 378 1659 lerum
398 1597 596 1674 piscatorium
618 1599 812 1660 circumdatis
831 1597 968 1660 uberms

29 1689 78 1748 quas
92 1680 219 1742 vendidit
237 1683 269 1742 in
289 1683 456 1757 privetumr
478 1689 510 1743 ct
523 1683 638 1757 lerum,
659 1689 691 1742 et
711 1681 863 1756 porticum
877 1689 965 1744 extra

28 1767 111 1830 llrlan
126 1764 340 1841 lnigerrrinann,
363 1772 397 1826 et
416 1765 506 1826 aliam
527 1773 601 1840 pest
622 1765 744 1826 naulis
764 1765 850 1825 etad
864 1767 968 1826 lanum

13 1837 127 1908 laeuis
141 1857 170 1909 ct
183 1856 257 1925 post
272 1849 347 1925 Spei
361 1849 401 1908 ad
414 1848 546 1910 Tiberim
560 1848 669 1908 eedem
681 1847 834 1922 Apollinis
848 1847 968 1908 medici.

13 1921 123 1992 xinbuere
135 1941 164 1995 et
176 1934 206 1993 in
221 1933 401 2010 promiscuo
413 1941 574 2009 praetcrea
583 1932 762 2008 pecnnanrs
782 1945 821 1990 ex
836 1946 874 1990 ea
886 1945 968 1991 com-

29 2012 119 2074 nuuiter
135 2018 276 2079 locarunt
288 2029 400 2092 aquarn
415 2015 629 2078 abducendann
643 2014 841 2091 lemicesque
855 2014 968 2075 lacien-

24 2090 71 2154 loa.
91 2099 298 2176 impedimento
314 2101 400 2176 operi
415 2102 471 2161 luit
483 2100 523 2160 Μ.
537 2100 661 2162 Licinus
676 2100 824 2173 crassus,
846 2095 900 2175 qui
912 2113 971 2174 per

27 2174 117 2242 mlum
133 2200 220 2248 curma
243 2184 316 2246 duci
335 2200 399 2245 non
420 2193 469 2246 est
486 2199 611 2261 passus.
642 2183 778 2261 portoria
799 2191 971 2260 quoquest

28 2261 145 2339 annalia
173 2269 267 2330 iidem
297 2270 391 2330 multa
421 2267 625 2330 instituerunt
665 2269 826 2344 complura
854 2267 970 2328 sacella

28 2344 217 2428 trellanense
232 2355 354 2415 lucrant
367 2359 521 2428 occupata
535 2369 554 2412 a
567 2351 712 2428 privatis,
727 2352 851 2428 publica
865 2366 969 2412 sacra-

27 2439 101 2500 lllut
112 2445 210 2499 essem
225 2443 427 2514 paterentque
437 2435 553 2512 populo
566 2443 718 2498 curarunt
738 2443 891 2497 canumet
905 2436 968 2494 sul-

27 2506 104 2587 llb'b
126 2521 368 2598 regionatimque
387 2521 551 2595 generibus
566 2521 729 2582 loomim
751 2519 919 2592 causisque
939 2523 970 2575 et

29 2601 165 2666 intestibus
178 2607 279 2667 tribus
294 2603 533 2680 descripserunt
561 2603 621 2663 Lll.
644 2611 675 2665 et
687 2605 763 2663 alter
777 2618 818 2664 ex
831 2599 969 2660 censori·

27 2672 65 2738 lla
83 2682 115 2744 ll.
133 2689 283 2751 Aemilius
309 2687 396 2764 petiit
421 2689 460 2748 ab
480 2695 604 2762 secretu,
628 2694 662 2748 ut
686 2684 746 2745 sibi
767 2681 969 2745 dedicationis

27 2763 167 2840 lsaelorum
176 2773 302 2849 reginae
312 2773 437 2834 lunonis
449 2771 705 2847 ennianae-quas
715 2767 799 2830 bello
810 2766 969 2842 Ligustino

30 2853 74 2940 tlte
87 2867 173 2918 annos
188 2864 260 2920 octo
275 2857 423 2931 noussen
438 2856 572 2931 pecunie
585 2855 625 2916 erl
637 2855 729 2915 lnales
743 2852 969 2914 decerneretur.

30 2930 276 3002 llllltimllieneris
287 2941 496 3002 denevernnt
514 2939 669 3001 dedicavit
679 2937 969 3017 easaedeautram-

30 3017 69 3078 lle
82 3015 108 3078 in
125 3023 203 3087 circo
224 3024 386 3098 Flaminio,
406 3024 562 3100 ludosque
581 3023 723 3085 scenicos
744 3022 877 3083 uiduam
898 3029 970 3097 post

31 3089 210 3169 lalcnonen
226 3108 330 3184 templi
344 3108 478 3182 lunonis,
493 3107 619 3169 biduum
635 3113 707 3183 post
720 3104 845 3181 Dianae,
862 3115 893 3167 et
907 3105 969 3167 sin·

29 3178 91 3246 'llos
108 3189 167 3252 dies
186 3191 258 3253 lecit
277 3193 306 3252 in
327 3192 419 3253 circo.
454 3193 535 3253 idem
556 3189 710 3253 dedicavit
725 3191 833 3252 aedem
846 3190 968 3250 Larium

31 3269 191 3336 llanarinurn
212 3275 242 3337 in
259 3277 384 3353 campo.
415 3283 544 3338 voverat
557 3291 625 3336 earn
639 3275 728 3336 annis
741 3273 883 3334 maaian
900 3279 970 3332 ante

31 3337 184 3420 blentina
196 3361 334 3436 Regillus
358 3359 460 3420 navali
475 3361 597 3436 proelio
619 3359 771 3420 adsersus
794 3357 967 3432 praelectas

33 3430 85 3502 regns
96 3439 244 3506 Antiochi·
259 3459 355 3520 snpra
368 3443 475 3504 valvas
487 3445 591 3519 templi
606 3443 709 3504 tabula
724 3457 793 3502 cunr
807 3438 893 3499 titulo
907 3436 971 3497 boc

59 3529 76 3573 l·
87 3535 137 3582 llvr
149 3542 221 3588 nans
235 3529 273 3587 V.
741 3530 758 3582 ⁷
