2364 3862
166 217 227 283 tit
330 217 445 278 LIBER
458 217 548 278 XLII.
562 217 647 277 cal).
660 225 703 278 52.
715 226 759 279 ⁵3.
776 223 813 289 [a.
826 223 898 275 U.‘c.
909 221 972 288 esi]

165 382 284 447 tempus
305 370 346 429 ad
367 369 606 445 comparandum
621 368 784 430 haberenta
812 371 971 430 consulem
990 385 1072 430 nunc
1085 386 1133 430 ve·

164 457 228 516 nire
249 470 318 516 cum
339 453 459 514 duabus
480 451 652 528 legionibus
673 451 830 526 Romanis,
853 467 933 529 quae
946 451 981 490 **
996 461 1132 514 trecenos

163 539 282 615 equites
295 537 437 610 habeant
458 543 489 596 et
504 537 569 612 pari
584 538 679 596 terme
693 551 819 598 numero
835 537 990 598 sociorum
1004 538 1133 613 peditum

164 625 372 700 equitumque.
400 633 437 682 ec
456 626 492 681 ut
519 621 667 681 accedant
687 636 793 696 regum
813 621 928 682 auxilia
945 621 1089 681 Eumenis
1108 629 1134 680 et

162 707 354 779 Masinissae
370 721 431 766 nan
447 705 518 780 plus
533 711 651 780 septem
666 706 749 766 milia
762 706 908 780 peditum,
929 705 992 765 duo
1006 705 1133 779 equtun

164 793 275 852 lutura
297 788 409 849 cadius
428 787 562 850 hostium
583 787 683 865 copiis
703 788 894 864 respicerent
908 803 999 850 suum
1013 788 1071 864 ipsi
1085 803 1132 848 cx-

163 873 296 948 ercitum,
313 881 459 947 quanurm
472 887 609 947 numero,
626 880 773 948 quantum
787 887 900 948 genere
914 872 1041 932 militum
1052 887 1132 948 prae

163 964 280 1018 starem
299 956 449 1017 monibus
470 957 580 1032 raptim
600 957 640 1016 ad
661 957 692 1016 td
713 957 826 1017 bellum
846 956 1030 1032 conscriptis
1046 955 1132 1032 ipsia

163 1041 268 1116 pueris
293 1039 403 1100 erudiu
427 1039 543 1101 artibus
564 1041 703 1114 militiae,
729 1046 773 1101 tol
793 1039 911 1101 subacti
930 1047 1023 1116 atque
1044 1039 1133 1100 durati

162 1126 261 1186 bellis.
287 1124 402 1186 auaritia
425 1124 571 1185 Romanis
595 1124 701 1202 Lydos
726 1132 757 1185 et
779 1123 920 1202 Phrygas
944 1131 974 1184 et
995 1123 1134 1184 Numidas

162 1225 244 1284 esse,
261 1207 321 1270 sibi
335 1208 470 1269 Thracas
486 1208 661 1284 Gallosque,
678 1206 888 1270 lerocissimas
899 1209 1044 1284 gentium.
1059 1221 1134 1267 anna

161 1294 230 1354 illos
245 1294 359 1354 habere
374 1308 421 1366 ea,
438 1307 518 1368 quae
533 1292 592 1352 sibi
607 1292 739 1368 quisque
750 1291 905 1368 paraverit
916 1303 1035 1367 pauper
1045 1291 1134 1362 miles,
1156 1322 1157 1329 κ

162 1376 349 1439 Maccdonas
366 1382 507 1450 prompta
520 1391 560 1434 ex
572 1377 657 1450 regio
672 1383 832 1452 apparatu,
846 1390 903 1451 per
916 1382 961 1435 tot
975 1389 1075 1436 annos
1085 1389 1133 1448 pa·

164 1461 216 1520 tris
232 1460 280 1520 sui
295 1475 369 1519 cura
383 1465 414 1518 et
432 1459 573 1534 impensa
587 1461 675 1519 tacta.
698 1467 900 1521 commeatum
911 1458 971 1519 illis
987 1473 1134 1534 cumpro

164 1545 288 1603 cultum
304 1542 445 1602 omnibus
461 1541 519 1602 sub
535 1542 658 1603 casibus
673 1543 831 1604 maritimis
848 1543 929 1605 lorea
950 1559 986 1604 se
1002 1550 1032 1603 et
1047 1557 1135 1617 pecu·

163 1627 244 1686 niam
259 1626 495 1701 adrumentum,
509 1632 631 1702 praeter
645 1627 761 1687 reditus
775 1628 975 1701 metallorum,
990 1626 1137 1687 indecem

163 1727 262 1772 annos
278 1709 471 1786 seposuisse.
494 1709 596 1771 omnia
610 1725 690 1786 quae
705 1711 833 1773 deorum
848 1710 1045 1786 indulgentia,
1062 1725 1137 1784 quae

163 1796 248 1870 regia
259 1811 334 1856 cura
344 1793 559 1870 praeparanda
569 1794 688 1867 luerint,
701 1796 793 1870 plena
803 1797 1016 1871 cumulataque
1028 1794 1140 1854 habere
1155 1872 1156 1877 ἵ

162 1879 361 1940 Macedonas.
399 1879 532 1940 animum
564 1879 737 1938 habendum
769 1894 841 1940 esse
867 1893 957 1954 quem
983 1878 1142 1938 habuerint

163 1962 297 2024 maiores
317 1978 439 2038 eorum,
462 1961 515 2038 qui
536 1961 661 2038 Europa
678 1961 761 2022 omni
782 1963 897 2023 domita
910 1961 1097 2037 transgressi
1111 1962 1140 2020 in

163 2048 269 2107 Asiam
280 2046 468 2121 incognitum
479 2048 577 2106 lamae
588 2047 1140 2122 aperuerintarmisorbemterrarum,

164 2145 221 2189 nec
247 2137 317 2190 ante
341 2129 466 2192 uincere
490 2129 650 2202 desierint,
677 2147 768 2204 quam
789 2131 894 2191 Rubro
915 2130 991 2191 mari
1014 2130 1141 2190 inclusis

165 2213 249 2286 quod
270 2212 428 2272 vincerent
448 2213 586 2272 deluerit.
609 2219 639 2273 at
657 2213 783 2276 hercule
802 2229 885 2274 nunc
898 2231 960 2274 non
977 2215 1015 2274 dc
1029 2213 1142 2274 ultimis

164 2294 271 2355 indiae
292 2294 369 2370 oris,
391 2295 447 2355 sed
468 2295 507 2355 de
528 2296 625 2370 ipsius
641 2298 842 2359 Macedoniae
857 2297 1062 2374 possessione
1078 2311 1141 2358 ccr-

165 2387 264 2438 tamen
279 2378 431 2440 louunam
445 2379 604 2440 indixisse.
627 2397 696 2442 curn
708 2389 795 2457 patre
806 2396 863 2442 suo
876 2390 1017 2458 gerentes
1028 2380 1144 2442 bellurn

164 2462 321 2523 Romanos
343 2464 519 2540 speciosum
535 2464 682 2526 Graeciae
697 2462 872 2526 liberandae
888 2468 995 2527 tulisse
1009 2463 1144 2526 titulusita

164 2562 246 2608 nuuc
263 2550 424 2624 propalam
438 2547 651 2609 Macedoniam
667 2550 696 2608 ln
712 2550 890 2610 servitutem
906 2558 1018 2625 petere,
1034 2563 1076 2609 ue
1090 2563 1144 2608 rex

163 2629 283 2693 vicinus
304 2631 432 2708 imperio
454 2631 494 2692 sit
506 2632 660 2707 Romano,
681 2648 721 2692 ne
740 2647 817 2708 gens
832 2634 913 2694 bello
929 2627 1042 2694 nobdis
1058 2649 1142 2693 mma

164 2714 284 2778 habeat.
311 2715 389 2776 haec
408 2715 489 2776 enim
509 2716 659 2777 tradenda
680 2717 823 2793 superbia
839 2719 972 2778 dominis
986 2718 1060 2779 csse
1077 2733 1144 2778 cum

163 2814 236 2872 rege
249 2815 418 2875 regnoque,
433 2800 460 2859 si
475 2799 625 2860 absistere
634 2797 715 2861 bello
727 2807 758 2861 et
767 2802 870 2862 lacere
880 2802 1029 2877 imperata
1040 2803 1144 2862 velim

247 2881 322 2941 Llll.
347 2882 421 2942 cum
441 2896 632 2957 peromnem
648 2885 816 2946 orationem
831 2886 906 2946 satis
920 2885 1077 2962 frequenti
1094 2885 1144 2945 ad·

164 2979 259 3024 sensu
281 2966 499 3025 succlamatum
517 2972 614 3040 esset,
634 2977 698 3028 tum
718 2980 793 3028 vero
808 2983 846 3030 ca
858 2965 1039 3031 vociferatio
1056 2967 1158 3029 simul

164 3047 385 3122 indignantium
411 3049 682 3126 minuentiumque,
709 3053 820 3127 partim
842 3053 850 3066 '
871 3053 1007 3114 bantium
1029 3054 1144 3114 bonon

165 3131 297 3191 animum
308 3130 422 3191 hahere
432 3147 545 3208 regem,
559 3143 666 3196 exerta
676 3137 808 3208 catulli
849 3136 1009 3198 indicendi
1021 3138 1145 3210 iaceret,

164 3223 278 3276 tantuna
291 3214 386 3276 iussis
402 3217 442 3276 ad
456 3216 513 3277 iter
527 3230 652 3293 parere:
671 3219 731 3278 iam
741 3221 823 3280 enim
833 3219 894 3280 dici
904 3232 1032 3282 nmvere
1044 3229 1145 3281 castra

164 3300 203 3358 ab
217 3298 398 3374 Nymphaeo
413 3299 580 3362 Romanos.
604 3303 746 3362 contione
761 3299 897 3379 dimissa,
919 3305 958 3364 ad
973 3304 1142 3364 audiendas

161 3382 334 3456 legationes
361 3383 524 3444 civitatium
548 3384 751 3446 Macedoniae
775 3401 809 3446 se
835 3387 969 3448 contulit.
996 3392 1145 3449 venerant

164 3473 265 3524 autem
286 3467 324 3525 ad
347 3466 495 3542 pecunias
511 3483 568 3542 pro
584 3465 777 3529 facultatibus
794 3485 935 3546 quaeque
956 3469 1023 3532 suls
1039 3478 1072 3532 ct
1085 3473 1143 3531 iru-
