2328 3870
143 243 186 308 68
318 243 433 303 LIBER
448 243 509 302 xi.
532 241 614 301 cAP.
633 250 674 304 ro.
687 249 730 304 17.
754 246 789 314 [a.
803 245 837 298 υ.
850 263 874 295 c.
885 243 946 310 sto]

144 400 238 471 sules,
255 413 383 473 quorum
400 393 560 472 provincia
569 401 662 467 esset
678 409 771 469 quam
783 409 827 465 se,
845 393 918 469 quid
931 392 1128 467 erepublica

145 490 243 556 esset,
266 481 449 547 decernere;
471 487 533 539 tum
550 493 675 553 quoque
691 493 751 538 non
770 479 908 552 placere,
930 476 1028 550 siper
1043 476 1127 536 dedi·

144 567 259 625 tionem
273 565 401 639 Ligures
416 563 559 637 recipiat,
581 562 714 635 receptis
734 575 816 620 anua
832 559 940 628 adimi;
963 567 1058 634 atque
1074 575 1127 620 eos

145 651 184 709 ad
201 649 359 709 consulem
374 647 448 706 mitti
464 655 603 706 senatum
619 659 750 720 aequum
766 659 903 704 censere.

231 733 389 791 Praetores
411 730 520 790 eodem
541 737 694 804 tempore,
716 728 748 786 P.
762 727 894 787 Manlius
909 727 939 785 in
954 727 1129 787 ulteriorem

144 815 339 890 Hispaniam,
363 830 454 889 quam
469 820 499 873 et
513 813 615 888 priore
629 820 772 889 practura
786 809 974 886 provinciam
991 809 1129 871 obtinue-

145 907 199 970 rat,
216 898 248 971 Q.
264 897 388 957 Fulvius
403 897 531 958 Flaccus
547 897 577 956 in
592 895 762 956 citeriorem
777 895 931 971 pervenit,
947 892 1131 954 exercitum·

146 997 207 1056 que
221 999 240 1040 a
253 981 393 1041 Terentio
415 980 548 1056 accepite
569 997 639 1040 nam
652 981 778 1040 ulterior
798 985 895 1039 morte
908 978 940 1037 P.
957 975 1131 1052 Sempronii

147 1065 343 1139 proconsulis
365 1064 431 1125 sinc
452 1064 580 1141 imperio
593 1065 701 1124 iuerat.
731 1063 869 1124 Fulvium
883 1061 1027 1123 Flaccum
1043 1061 1131 1137 oppi-

146 1149 217 1208 dum
232 1148 402 1223 llispanum
416 1149 581 1210 Urbicuam
601 1147 724 1208 nomine
745 1152 974 1222 oppugnantem
989 1144 1131 1206 Celtiberi

146 1233 245 1293 adorti
266 1240 345 1292 sunt.
375 1233 452 1292 dura
466 1232 507 1292 ibi
525 1232 642 1308 proelia
656 1231 772 1307 aliquot
786 1232 881 1301 lacta,
904 1228 987 1289 multi
1000 1229 1133 1290 Romani

146 1315 256 1376 milites
278 1323 309 1374 el
328 1315 477 1376 vulnerati
498 1323 528 1376 et
541 1315 689 1376 interlecti
711 1321 789 1375 sunl.
817 1313 889 1373 vicit
903 1314 1134 1388 perseverantia

145 1399 280 1470 Fulvius,
297 1399 381 1471 quod
395 1401 478 1458 nulla
491 1399 521 1457 vi
536 1398 670 1459 abstrahi
686 1399 725 1459 ab
741 1398 903 1460 obsidione
919 1397 1027 1472 potuit,
1044 1396 1132 1456 Celti·

145 1481 211 1540 beri
226 1482 302 1540 fessi
317 1482 444 1555 proeliis
457 1483 551 1542 variis
567 1483 794 1542 abscesserunt.
817 1481 892 1542 urbs
903 1487 1004 1542 amoto
1017 1479 1133 1540 auxilio

147 1579 253 1626 eorum
273 1564 351 1624 intra
373 1581 490 1640 paucos
512 1565 579 1625 dies
599 1573 688 1639 capta
709 1571 740 1624 et
760 1565 878 1640 direpta
898 1571 960 1624 est=
984 1564 1133 1640 praedam

147 1647 291 1708 militibus
307 1657 432 1723 praetor
447 1649 610 1709 concessit.
636 1649 761 1709 Fulvius
776 1649 836 1710 hoc
851 1643 966 1723 oppido
983 1653 1088 1723 capto,
1103 1646 1134 1705 P.

147 1729 277 1791 Manlius
297 1734 435 1793 exercitu
454 1739 568 1793 tantum
590 1733 619 1791 in
634 1749 727 1794 unum
746 1739 870 1805 coacto,
892 1731 944 1806 qui
960 1730 1134 1806 dissipatus

148 1815 255 1889 luerat,
270 1816 353 1875 nulla
367 1815 426 1876 alia
440 1816 627 1878 memorabili
639 1823 779 1892 gestare,
796 1815 948 1876 exercitus
959 1813 991 1873 in
1004 1813 1137 1875 hiberna

148 1900 350 1961 deduxerunt.
373 1899 449 1960 haec
462 1917 499 1961 ea
514 1906 630 1961 aestate
643 1899 675 1960 in
685 1899 833 1975 Hispania
844 1905 941 1974 gesta.
961 1899 1135 1972 Terentius,

149 1984 201 2058 qui
216 2000 254 2042 ex
269 1999 307 2042 ea
322 1984 480 2058 provincia
493 1984 679 2056 decesserat,
695 1999 793 2044 ovans
807 1984 914 2043 urbem
929 1982 1002 2042 iniit.
1032 1988 1132 2041 trans·

146 2067 240 2128 latum
268 2067 384 2139 argenti
410 2067 514 2141 pondo
536 2082 645 2126 novem
666 2067 747 2126 milia
766 2074 900 2126 trecenta
919 2064 1040 2140 viginti,
1068 2065 1138 2126 auri

148 2149 303 2222 octoginta
318 2148 432 2222 pondo,
448 2155 478 2207 el
493 2149 573 2208 duae
587 2165 719 2210 coronae
730 2164 842 2210 aureae
855 2150 958 2224 pondo
971 2150 1138 2224 sexaginta

148 2239 276 2307 septem.
1119 2239 1123 2248 “

232 2315 325 2373 XVll.
344 2313 462 2375 Eodem
482 2331 561 2376 anno
583 2316 660 2376 inter
681 2319 829 2393 populum
850 2313 1139 2391 carthaginiensem

147 2407 177 2457 et
191 2413 295 2471 regern
305 2397 501 2458 Masinissam
511 2400 541 2458 in
554 2415 588 2459 re
599 2401 754 2474 praesenti
766 2401 989 2476 disceptatores
1000 2397 1140 2460 Romani

147 2482 186 2542 de
207 2497 281 2556 agro
302 2483 432 2542 luerunt.
462 2489 587 2558 ceperat
607 2499 675 2543 eum
697 2485 736 2544 ab
757 2483 1059 2560 Carthaginiensibus
1078 2501 1139 2560 pa·

147 2572 192 2624 ter
206 2564 389 2626 Masinissae
402 2566 491 2636 Gala;
513 2567 619 2627 Galam
631 2566 761 2646 Syphax
775 2569 847 2629 inde
861 2569 1029 2644 expulerat
1046 2574 1138 2643 post·

148 2665 186 2709 ea
199 2648 230 2708 in
250 2651 377 2725 gratiam
399 2650 499 2710 soceri
513 2650 714 2712 Hasdrubalis
730 2650 1030 2727 Carthaginiensibus
1047 2652 1140 2712 dono

147 2733 290 2802 dederat;
319 2731 585 2807 carthaginienses
605 2750 650 2795 co
671 2750 751 2796 anno
771 2735 937 2796 Masinissa
961 2736 1140 2811 expulerat

146 2814 228 2874 haud
242 2817 359 2876 minore
370 2818 535 2877 certamine
545 2819 724 2892 ammonam,
744 2835 835 2895 quam
848 2836 917 2880 cum
928 2821 1010 2880 terro
1021 2826 1053 2879 et
1065 2819 1143 2880 acie

147 2896 342 2969 dimicarunt,
371 2914 421 2958 res
448 2906 516 2959 oola
540 2902 624 2976 apud
648 2902 814 2963 Romanos.
852 2901 1140 2977 carthaginienses

148 2981 231 3056 quod
248 2982 344 3056 primo
359 2983 508 3044 maiorum
523 3002 649 3046 suorum
664 2987 787 3061 luisset,
803 2986 914 3046 deinde
930 2987 968 3046 ab
984 2985 1144 3064 Syphace

147 3065 243 3123 adse
268 3066 475 3140 pervenisset,
500 3070 688 3146 repetebant.
718 3069 884 3130 Masinissa
904 3072 1143 3146 paterniregni

146 3163 253 3220 agrum
275 3166 310 3209 se
325 3157 355 3210 et
375 3150 532 3226 recepisse
547 3160 577 3213 et
596 3152 710 3213 habere
730 3153 863 3228 gannim
881 3154 947 3214 iure
961 3154 1076 3221 aiebam
1107 3163 1144 3214 et

148 3247 243 3291 causa
263 3241 294 3292 et
312 3235 516 3308 possessione
537 3237 726 3310 superiorem
747 3253 835 3305 esser
859 3236 932 3297 nihil
950 3237 1030 3296 aliud
1048 3251 1085 3296 se
1105 3238 1144 3296 in

147 3331 185 3374 ea
208 3315 429 3392 disceptatione
454 3325 589 3378 metuere
614 3335 705 3394 quarn
729 3335 768 3380 ne
791 3322 893 3396 pudor
911 3322 1145 3393 Romanorum,

147 3398 219 3458 dum
235 3409 405 3474 vereantur,
428 3417 466 3460 ne
482 3401 556 3476 quid
574 3403 659 3463 socio
674 3411 767 3478 atque
783 3406 880 3464 amico
896 3405 961 3479 regi
975 3406 1147 3466 adversus

148 3499 323 3544 communes
346 3501 420 3546 suos
443 3492 535 3561 alque
557 3487 636 3546 illius
651 3487 761 3547 hostes·
773 3487 939 3548 indulsisse
955 3486 1146 3561 videantur,
