2328 3870
177 219 285 282 llere
298 221 360 280 XL.
381 220 464 282 CAP.
479 228 523 292 et,
534 229 578 284 58.
601 228 637 295 [a.
654 223 686 283 C·
702 229 763 297 179]
892 225 953 290 lul

80 372 286 449 Peropportune
306 389 390 435 mors
403 373 535 450 Philippi
558 375 612 436 run
626 377 666 437 ad
681 376 855 440 dilationem
869 388 900 442 et
914 382 954 441 ad

25 459 78 518 vires
94 457 163 516 lello
183 457 415 520 contrahendas.
444 473 513 520 naut
536 466 608 534 post
628 461 737 536 paucis
752 463 862 524 diebus
877 480 954 539 gens

25 541 205 616 lumin,
225 542 278 602 diu
298 543 474 617 sollicitata,
496 543 535 602 ab
550 545 621 604 suis
633 545 760 606 sedibus
774 561 886 622 magna
901 565 954 623 pe

23 626 84 686 litun
92 625 275 702 equitumue
285 627 524 688 manuffislruru
534 628 660 690 nuncil.
682 626 755 689 inde
766 632 953 706 praegressi,

22 709 298 786 qniuuliarsntregi,
310 709 485 785 Antigonus
501 708 649 773 sicutte:
666 712 753 774 Cotto
766 714 877 775 nobilis
889 723 955 775 erat

19 793 135 869 ustura
148 811 165 854 a
177 810 252 870 rege
264 795 437 870 Antigonus
457 795 585 870 saepius
599 812 670 856 cunr
682 796 753 872 ipso
769 798 897 859 Cottone
911 801 954 859 le·

19 885 79 950 gans
89 879 124 938 ud
132 879 329 948 comitandus
339 880 505 940 Bastarnas
518 880 645 941 musis.
666 880 750 941 haud
762 884 870 957 procul
880 883 955 942 Am·

20 960 99 1036 plipoli
111 963 200 1036 iuna,
213 963 286 1024 inde
299 961 376 1024 certi
389 961 489 1024 rruntii
501 973 701 1027 occurrerunt
714 973 867 1027 mortuum
882 980 954 1026 csse

18 1059 96 1118 regen.
118 1063 191 1122 quae
211 1063 264 1108 res
279 1062 399 1107 ornnem
415 1047 553 1108 crdinem
567 1048 688 1109 consult
701 1050 843 1111 turbavit.
872 1065 954 1110 com·

19 1129 110 1202 peritur
127 1138 223 1191 mrem
245 1133 292 1191 sio
306 1133 418 1205 suerat,
439 1133 599 1192 masimm
615 1147 671 1207 per
684 1133 844 1194 Thraciam
859 1141 955 1193 tulum

17 1219 205 1276 acrauceles
216 1215 378 1276 Bastarnis
392 1223 425 1276 ut
438 1215 598 1291 Philippus
613 1223 793 1290 praestaret.
817 1216 849 1275 id
864 1223 898 1276 ul
912 1217 956 1276 la·

17 1308 62 1354 ure
79 1307 184 1371 posset,
210 1299 371 1375 regionum
386 1299 544 1376 principes
565 1299 655 1358 donis
671 1301 808 1360 coluuut
821 1300 883 1360 lide
899 1315 957 1358 sua

17 1377 110 1454 obligata
124 1392 231 1457 pacato
253 1383 374 1460 agmine
395 1382 578 1444 transituros
591 1384 770 1443 Bastarnas.
796 1383 956 1444 Dardano»

16 1477 60 1522 nur
72 1473 175 1538 prum
194 1468 303 1528 delere
320 1467 515 1543 propositum
533 1475 612 1541 crat,
638 1468 731 1544 inque
753 1483 859 1530 eorum
879 1483 955 1542 agro

17 1546 78 1606 ucles
96 1549 215 1610 undae
236 1551 405 1612 Bastarnis.
437 1551 554 1626 duplex
578 1551 650 1611 inde
672 1559 737 1611 erat
756 1552 954 1613 commodum

18 1628 122 1706 ninum,
139 1634 169 1694 si
182 1643 213 1696 el
226 1635 377 1707 Dardani,
401 1650 477 1710 gens
494 1651 618 1710 semper
639 1636 839 1696 infestissima
852 1635 955 1696 Muce-

18 1711 93 1775 loniae
102 1718 349 1794 temporibusque
361 1719 475 1794 iniquis
486 1734 594 1794 regum
604 1719 774 1792 imminens,
790 1719 956 1792 tolleretur,

18 1798 187 1864 etluuruae
211 1804 327 1863 relictis
350 1803 382 1865 ia
402 1803 560 1864 Dardania
583 1803 765 1876 coniugibus
786 1802 957 1875 liberisque

18 1879 235 1958 upopunndarn
249 1885 365 1947 ltaliam
380 1895 512 1962 possent
523 1887 607 1946 mitti.
632 1902 688 1961 per
703 1885 887 1946 Scordiscos
902 1885 959 1945 iter

18 1968 194 2030 eructuare
208 1970 399 2031 Adriaticum
414 1971 609 2046 italiamquer
632 1970 691 2030 alla
704 1970 755 2029 ria
769 1968 889 2029 traduci
903 1983 957 2027 ex·

17 2049 106 2111 uritur
117 2070 175 2116 non
189 2071 297 2130 posse.
325 2048 413 2116 tacite
426 2055 584 2116 mannis
601 2053 786 2114 Scordiscos
800 2053 857 2114 iter
871 2052 957 2112 datu·
1057 2089 1062 2100 ·

16 2143 61 2189 ros:
76 2150 122 2196 nec
132 2139 210 2198 eninr
223 2145 276 2198 ant
290 2138 395 2212 lingua
404 2144 457 2198 aut
467 2139 604 2199 moribus
614 2139 762 2214 aequales
774 2137 957 2206 abhorreres

18 2214 109 2289 clipeos
121 2223 318 2283 adiuncturos
335 2238 384 2297 se,
405 2238 475 2282 cum
489 2223 529 2281 ad
545 2223 690 2296 praedam
707 2220 960 2298 opruentisstmae

18 2299 83 2366 notis
95 2303 133 2363 ire
144 2307 306 2370 uidissent.
337 2305 409 2366 inde
425 2306 455 2366 iu
472 2321 590 2366 omnent
606 2313 749 2366 eventurn
763 2306 892 2367 consilia
907 2320 957 2363 ac-

17 2389 264 2451 trnnodabantur:
287 2387 355 2449 sive
366 2389 450 2450 caesi
462 2389 500 2449 ab
511 2390 659 2452 Romanis
670 2391 770 2450 forest
779 2390 960 2462 Bastarnae,

17 2457 138 2532 lucinus
161 2482 263 2534 umen
286 2474 426 2534 sublatos
453 2473 662 2548 praedamque
682 2489 722 2533 ex
741 2473 879 2548 reliqniis
899 2471 959 2531 Ba-

18 2551 148 2616 tlunarum
171 2566 201 2618 et
230 2557 465 2632 possessionem
493 2557 631 2618 liberam
648 2557 820 2617 Dardaniae
848 2553 962 2615 solutio

17 2626 74 2702 fils
89 2637 147 2700 siae
169 2657 322 2716 prospere
339 2657 404 2700 rem
425 2640 612 2715 gessissent,
633 2639 782 2700 Romanis
796 2637 914 2698 averds
929 2635 962 2696 iu

17 2709 194 2788 Burrenum
218 2725 330 2790 bellum
350 2731 603 2800 recuperaturum
626 2739 663 2782 se
681 2724 711 2781 in
733 2721 860 2784 Graecia
880 2735 961 2796 quae

18 2799 140 2866 tnsssct.
163 2809 241 2870 haec
255 2807 387 2884 Pidlippl
402 2809 533 2871 consilia
546 2809 675 2868 luerent.
702 2806 806 2866 LVlll.
829 2803 962 2880 ingressi

19 2889 66 2942 nrt
80 2898 179 2962 param
200 2893 321 2968 agroino
342 2893 403 2954 lide
419 2891 556 2954 Cottonis
574 2889 772 2966 etAnligoni.
807 2890 864 2950 sed
878 2888 962 2952 lund

18 2967 81 3028 nuto
101 2983 168 3048 post
192 2978 305 3038 famant
323 2974 429 3038 mortis
451 2975 581 3052 Philippi
602 2991 704 3051 neque
724 2975 857 3036 Thraces
879 2991 962 3036 corn-

19 3053 97 3114 auno
110 3059 213 3122 laciles
227 3068 322 3133 eraut,¹
338 3076 439 3135 neque
450 3061 620 3122 Bastarnae
630 3067 733 3136 erupto
746 3057 879 3120 contenti
890 3073 963 3122 esse

20 3139 125 3226 luteum
136 3152 189 3204 aut
199 3143 230 3205 in
245 3143 367 3221 agurise
381 3143 539 3216 contineri,
557 3160 596 3205 ne
611 3144 798 3205 decederent
811 3141 871 3203 via.
890 3143 963 3207 inde

18 3220 110 3283 fflluriae
128 3228 203 3288 utro
226 3229 368 3304 emaque
387 3227 469 3302 fieri,
492 3243 622 3302 quarum
643 3227 674 3288 in
690 3227 758 3288 dies
773 3227 962 3288 incremento

18 3290 98 3366 ulum
115 3313 233 3373 exasit.
256 3320 417 3388 postremo
429 3311 563 3374 Thraces
584 3324 654 3373 cum
669 3312 731 3372 vim
747 3327 783 3372 ac
797 3308 962 3372 multitudi-

21 3391 66 3444 len
76 3393 213 3456 suednere
226 3395 363 3460 hostium
376 3413 440 3457 non
454 3404 591 3471 possent,
606 3395 721 3456 relictis
738 3391 962 3468 canipeslribus

20 3461 71 3530 titis
81 3474 108 3534 in
119 3487 246 3542 montem
256 3482 388 3558 ingane
400 3479 565 3542 altitudinis
576 3481 789 3540 -Donucam
801 3479 963 3534 vocant-
