2368 3858
978 126 981 132 ·
1052 11 1182 210 Ἶ

170 210 233 273 310
288 207 482 267 ΕΡΙΤΟΜΑΕ
497 205 701 266 LIBRORUM
714 204 1030 264 LXXIX—LXXXIV.

171 361 216 401 lum
238 359 287 399 urbl
307 357 381 398 intulit
402 356 510 398 arcessito
530 356 555 398 C.
571 354 642 395 htarlo
662 364 710 394 com
725 353 776 394 aliis
790 352 906 394 exsulibus
920 364 948 393 ex
963 353 1048 400 Atrion
1066 352 1086 391 tn
1101 363 1139 403 quo

171 415 232 454 bello
247 413 291 453 duo
307 412 392 460 iratres,
408 411 465 450 alter
479 421 508 450 ex
523 410 622 462 Pompeii
638 410 737 459 exercitu
749 408 948 456 aliomacharem
962 409 1087 458 ignorantes
1096 417 1139 446 con·

170 470 293 517 currerunt,
308 469 331 508 et
343 477 391 507 cum
402 465 473 505 victor
482 462 590 516 spoliaret
602 464 707 511 occisum,
722 464 796 513 agnito
809 460 883 511 tratre,
899 462 983 512 ingesti
994 460 1140 500 lamentatione

170 523 238 571 edita,
254 532 307 574 rogo
322 521 341 561 ei
357 521 480 568 exstructo,
495 519 544 568 ipse
558 526 627 570 supra
641 527 718 568 rogum
731 526 757 556 se
771 515 898 564 transfodit,
913 518 936 555 et
951 514 1027 554 eodem
1040 516 1140 566 ignecon-
1181 557 1182 562 ¹

169 579 271 629 sumptus
284 576 327 620 est.
344 576 367 614 at
381 585 429 613 cum
444 572 539 626 opprimi
553 572 611 612 luter
626 571 690 611 initia
704 571 822 623 potuisset.
838 570 879 613 Cn.
896 570 994 620 Pompeii
1008 567 1095 617 fraude,
1110 569 1141 620 qul

169 635 285 682 utramque
299 631 384 721 partem
399 625 494 667 loveudo
508 625 568 666 vires
582 625 665 666 Cinnae
684 623 747 666 dedit
764 635 805 664 nec
820 624 863 664 nist
877 623 999 675 profligatis
1013 623 1142 676 optimatium

169 686 237 724 rebus
255 694 299 723 aux
311 683 363 723 lium
382 682 442 731 tulit,
464 682 487 720 et
501 679 599 720 consults
614 679 710 731 segnitia
730 678 852 719 condrmsti
867 679 939 720 Cinna
953 680 976 718 et
990 677 1074 717 hierius
1088 681 1142 728 qust-

168 741 220 778 toor
239 737 386 783 exercitibus,
406 746 435 775 ex
456 735 538 786 quihus
558 733 602 774 duo
623 735 651 778 Q,
667 734 768 775 Sertorio
782 735 806 774 et
820 733 915 773 Carboni
931 731 976 772 dati
991 733 1057 780 suut,
1077 732 1142 770 urbem

169 791 364 832 circumsederunt.
382 789 469 829 Ostiam
485 788 593 829 coloniam
608 787 692 828 htartue
706 786 844 841 expugnavit
858 790 881 827 et
896 785 1018 826 crudeliter
1033 785 1126 836 diripuit.

222 845 310 888 LXXX.
327 843 409 884 ltaiicls
425 842 517 895 populis
531 853 544 883 a
559 843 637 882 senatu
652 843 734 882 civitas
747 841 799 881 data
815 844 857 881 est.
871 839 992 888 Samnites,
1008 839 1047 891 qul
1062 839 1142 880 soliar·

168 911 204 940 ms
218 899 362 950 recipiebant,
378 897 461 938 Cinnae
476 899 499 937 et
513 896 583 937 lilerio
597 905 622 936 sa
638 897 808 938 coniunxerunt.
824 896 850 935 ah
867 896 895 935 iis
909 895 1013 937 Plautius
1027 906 1076 934 cum
1090 904 1142 933 exer·

168 952 215 993 citu
229 961 307 992 caesam
322 955 365 994 est.
387 950 457 991 Cinna
472 953 495 990 et
510 951 594 991 hisrtus
608 961 656 990 cum
672 949 773 991 Carbone
793 952 817 990 et
831 949 933 990 Sertorio
952 948 1075 988 laniculnm
1089 958 1143 987 occu·

169 1009 284 1059 paverunt,
300 1008 323 1046 et
337 1005 406 1058 togati
422 1006 449 1045 ab
464 1004 558 1046 Octavio
570 1005 661 1045 console
672 1005 822 1049 recesserunt,
839 1003 1021 1044 hiariusrtntium
1030 1007 1054 1042 et
1062 1002 1143 1042 rinnau

168 1063 191 1102 et
205 1061 325 1101 Lanuvium
341 1059 440 1100 colonias
454 1058 587 1100 devastavit.
603 1069 651 1099 cum
666 1057 729 1099 nulls
743 1067 797 1111 spos
807 1061 868 1098 esset
880 1058 1029 1110 optimatibus
1037 1055 1143 1097 resistendi
1181 1099 1182 1106 ἵ

168 1119 261 1168 propter
278 1115 396 1167 segnitiam
415 1116 438 1154 et
457 1113 572 1165 perfidiam
591 1116 613 1152 et
633 1112 711 1153 ducum
726 1116 748 1152 et
767 1112 875 1160 militum,
895 1113 934 1164 qui
948 1113 1047 1165 corrupti
1063 1114 1099 1150 aut
1112 1122 1143 1162 pn·
1181 1141 1182 1148 ,

166 1179 234 1221 gnare
250 1168 356 1209 nolebant
371 1173 408 1209 aut
423 1168 444 1207 ln
460 1167 559 1207 diversas
574 1171 648 1220 partes
663 1167 798 1217 transibant,
819 1167 890 1208 Cinna
904 1170 927 1208 et
941 1167 1027 1206 Mariua
1043 1168 1064 1206 in
1079 1165 1144 1205 urben
1181 1191 1182 1210 ι

166 1225 252 1275 recepti
270 1226 334 1273 auntg
356 1225 394 1275 qul
414 1221 475 1263 velut
495 1225 581 1274 coptam
602 1232 649 1262 eam
665 1221 772 1262 caedibus
790 1233 816 1262 so
835 1221 920 1272 rapinis
935 1223 1091 1267 vastaverunt,
1110 1219 1142 1260 Cn.
1181 1221 1182 1232 ³

168 1276 263 1318 Octavio
278 1277 369 1317 consule
383 1279 456 1317 occino
471 1279 494 1315 et
509 1277 610 1316 omnihus
624 1275 732 1316 adversae
747 1277 818 1328 partis
832 1275 945 1315 nobilibus
954 1273 1081 1322 trucidatis,
1095 1275 1143 1314 luter

167 1341 225 1382 quos
239 1331 271 1375 lit.
288 1331 384 1371 Antonio
403 1330 587 1382 eloquentissimo
603 1331 663 1378 vtro,
685 1329 711 1370 C.
727 1332 750 1369 et
764 1331 790 1371 L.
806 1329 913 1380 Caesare,
934 1340 1030 1381 quorum
1045 1329 1115 1380 capite
1127 1327 1143 1366 iu

166 1386 246 1425 rostris
261 1387 336 1436 posita
349 1389 410 1431 sunt.
426 1383 519 1424 Crassus
533 1384 592 1424 tillus
606 1385 633 1424 ah
649 1384 763 1435 equitibus
778 1385 886 1424 thhriae
900 1386 998 1425 occisus.
1014 1387 1079 1436 pater
1089 1382 1140 1423 Cras

166 1448 218 1488 sus,
238 1437 333 1490 nequid
354 1437 467 1490 indignum
488 1438 570 1478 virtute
585 1447 625 1478 sua
639 1439 765 1491 pateretur,
785 1437 861 1489 gladio
876 1446 901 1478 se
916 1437 1040 1481 transfixit.
1059 1440 1081 1478 et
1099 1437 1144 1476 citra

166 1492 213 1534 ulla
227 1493 317 1531 comitia
331 1493 434 1532 consules
449 1492 470 1531 ln
489 1495 620 1543 sequentem
635 1503 716 1532 annum
730 1502 755 1532 se
769 1493 831 1544 ipsos
845 1495 1046 1540 renuntiaveruut3
1067 1490 1143 1531 eodem·
1180 1505 1182 1524 ι

166 1556 210 1596 que
226 1545 269 1594 dle,
285 1556 329 1597 quo
344 1548 496 1598 magistratum
511 1547 612 1596 inierant,
628 1547 713 1587 hiarins
723 1547 779 1589 Sex.
788 1546 897 1588 Licinium
912 1550 1041 1588 senatorem
1057 1545 1085 1586 de
1098 1553 1144 1584 sato
1180 1531 1182 1580 i

166 1599 224 1640 delcl
239 1600 309 1648 iussit,
326 1600 437 1652 editisque
452 1600 553 1651 plurimis
567 1601 691 1641 sceleribus
705 1600 780 1640 ldihos
795 1601 903 1642 lanusrlls
919 1601 1026 1646 decessit,
1042 1597 1145 1641 vtr‘culas

164 1653 184 1694 sl
199 1655 354 1695 examinentur
368 1666 416 1694 tum
432 1655 551 1695 virtutibus
567 1656 626 1703 vltis,
642 1654 701 1695 haud
717 1655 782 1696 lectle
793 1655 824 1696 stt
834 1655 905 1705 dicto,
921 1659 992 1696 utrum
1002 1655 1064 1694 hello
1075 1653 1146 1695 melior

164 1718 192 1747 sn
207 1720 262 1761 pace
277 1709 424 1761 perniciosior
438 1709 512 1749 luerit.
528 1708 591 1760 adeo,
606 1720 672 1761 quem
686 1721 732 1750 rem
749 1709 862 1762 publicam
873 1712 972 1751 armatus
982 1709 1091 1758 servavit,
1104 1717 1143 1746 eata
1180 1711 1182 1746 t

164 1762 235 1814 primo
250 1765 339 1814 togatus
354 1764 412 1803 omni
427 1774 508 1814 genere
523 1763 614 1812 fraudis,
630 1766 742 1816 postremo
758 1765 825 1805 armia
839 1763 954 1806 hostiliter
968 1764 1059 1807 evertit.

219 1817 317 1860 LXXXl.
340 1818 365 1858 L.
381 1817 445 1858 sulla
461 1816 570 1868 Athenas,
587 1827 644 1868 quse
658 1817 781 1858 Archelaus
796 1819 922 1871 praelectus
937 1816 1077 1859 Mithridatis
1090 1825 1144 1856 occu·
1180 1799 1182 1840 Ι

164 1873 268 1921 paverat,
290 1872 433 1911 circumsedit
453 1875 476 1912 et
497 1883 546 1912 cum
567 1883 645 1924 magno
664 1873 741 1913 labore
755 1875 900 1925 expugnavit.
923 1873 974 1913 urbi
988 1871 1113 1911 libertatem
1126 1870 1144 1906 et
1180 1841 1182 1925 ff

164 1923 251 1964 civibus
265 1936 323 1977 quse
337 1923 461 1966 habuerant
476 1925 581 1967 reddidit.
596 1927 719 1978 Magnesia,
736 1937 792 1978 quse
807 1926 856 1967 sola
870 1929 892 1968 lu
908 1929 962 1977 ¹isis
975 1927 1058 1967 civitas
1073 1928 1093 1965 ln
1108 1921 1143 1963 fids
1180 1939 1181 1968 t

165 1981 283 2026 manserat,
299 1990 383 2020 summa
398 1981 484 2020 virtute
499 1979 607 2020 adversus
621 1979 772 2021 Mithridatem
788 1979 881 2022 detensa
895 1984 937 2022 est.
952 1981 1072 2033 praeterea
1085 1977 1142 2018 Thra·
1179 1971 1181 2028 ζ

165 2041 212 2071 tum
228 2032 248 2070 ln
265 2033 396 2072 Macedonia
412 2033 515 2073 continet
529 2037 599 2085 gesta.
1179 2051 1181 2088 ι

218 2085 325 2126 LXXXll.
347 2085 414 2127 Sulla
434 2089 512 2140 copias
532 2089 602 2136 regis,
623 2097 679 2138 quae
699 2086 829 2127 lilseedonla
848 2088 957 2139 occupata
976 2087 999 2127 in
1015 2086 1143 2128 Thessalus
1180 2091 1181 2094 ’

165 2143 283 2186 renerent,
303 2139 389 2190 proelio
405 2140 457 2178 vicit
472 2142 543 2180 caesis
559 2141 653 2180 hostium
668 2144 755 2181 centurn
771 2141 861 2182 milibus
877 2143 900 2180 et
914 2141 994 2181 castris
1009 2152 1099 2193 quoque
1111 2150 1142 2180 ex·
1179 2157 1180 2164 2

162 2191 991 2297 tentantiaiz‘n‘l‘siitz‘intonuittolutim}
1004 2195 1142 2290 {attilii
1178 2195 1180 2267 i

162 2296 214 2348 lega
229 2296 321 2346 Cinnae,
337 2299 430 2348 missus,
451 2304 475 2339 ut
489 2300 567 2340 Sullae
582 2302 713 2344 succederet
720 2277 732 2352 ,Ι
746 2280 838 2355 propter
852 2303 968 2342 avaritiam
984 2303 1073 2345 invlaus
1087 2279 1142 2343 'exer
1178 2315 1179 2320 ¹

163 2350 217 2390 eltut
232 2359 272 2389 suo
287 2362 300 2391 a
314 2350 341 2396 C.
357 2353 452 2393 himbria
467 2354 541 2404 legato
556 2355 638 2405 ipsios,
660 2356 751 2396 ultimae
766 2356 873 2397 sodsclse
888 2354 989 2406 homine,
1005 2359 1095 2397 occisus
1108 2357 1142 2402 est,

161 2406 185 2445 et
199 2404 316 2455 imperium
332 2406 360 2446 ad
375 2407 491 2448 Fimbriam
506 2409 645 2452 translatum.
662 2414 777 2461 praeterea
792 2413 933 2462 expugnatae
948 2411 970 2450 tn
986 2412 1042 2451 Asia
1058 2412 1143 2452 urbess

161 2457 303 2553 Ἲίῐὴιίἀῗιο,
319 2463 342 2554 eti
357 2461 477 2502 crudeliter
492 2461 578 2515 direpta
593 2465 714 2515 provincia,
730 2466 870 2506 incursiones
884 2463 992 2505 Thracum
1009 2467 1031 2506 ln
1047 2464 1142 2507 ldseedo·

161 2524 217 2553 nam
233 2524 256 2552 re
268 2525 320 2554 eron
334 2527 367 2555 ur.

215 2567 331 2610 LXXthl.
353 2569 443 2611 Flavius
464 2571 558 2612 l'imhrts
578 2572 601 2612 ln
621 2572 675 2612 hala
693 2571 749 2612 lusis
769 2571 855 2624 proelio
870 2571 958 2624 aliquot
973 2573 1096 2625 praelectis
1108 2571 1142 2612 bii·
1174 2579 1178 2608 t

161 2619 264 2662 tbrldstis
279 2624 355 2664 urbem
370 2623 500 2690 Pergamum
515 2627 581 2678 oepit,
597 2626 757 2678 obsessumque
769 2637 843 2678 regern
854 2637 897 2666 non
907 2627 1000 2668 multum
1012 2626 1084 2667 abluit
1097 2626 1141 2677 quin

160 2680 258 2777 tzitta·
269 2679 1142 2787 l'lnllissnilnii„titiniintinniit‘pintttiiiti

159 2782 250 2846 cecidit.
270 2795 319 2826 cnm
334 2786 358 2825 L.
374 2786 443 2826 Cinna
458 2791 480 2827 et
495 2789 535 2830 Cn.
553 2788 654 2839 Papirius
670 2787 741 2829 carbo
756 2787 783 2826 ab
798 2798 822 2828 ae
838 2789 893 2840 ipsis
909 2789 1017 2829 consules
1032 2799 1072 2840 per
1086 2788 1141 2827 bien·

159 2845 221 2875 nrum
240 2841 309 2879 creati
330 2839 413 2880 bellum
433 2843 510 2880 contra
523 2839 609 2880 Sullam
630 2844 749 2892 pararent,
769 2844 870 2882 ellectum
890 2847 926 2883 est
940 2854 980 2895 per
995 2845 1022 2884 L.
1037 2842 1139 2883 Valerium

157 2888 260 2929 Flaccum
276 2894 397 2943 principem
412 2898 515 2941 senatus,
536 2897 573 2944 qui
590 2897 712 2935 orationem
727 2896 748 2935 ln
764 2900 842 2936 senatu
857 2894 946 2946 habuit,
962 2901 984 2936 et
999 2907 1041 2949 per
1056 2894 1138 2946 eosqui

158 2942 291 2983 concordiae
309 2945 441 2996 eludebant,
462 2950 487 2987 ut
508 2947 574 2998 legati
596 2948 624 2988 ad
644 2948 730 2990 Sullam
750 2947 778 2990 de
793 2961 847 3002 pace
863 2951 1013 2991 mitterentur.
1034 2949 1103 2991 Cinna
1115 2947 1138 2987 sb

158 2996 258 3060 exercitu
273 3005 327 3048 suo,
350 3001 528 3049 quoire-invitum
543 3003 635 3052 cogebat
650 3013 719 3043 nares
734 3002 883 3044 conscendere
898 3008 921 3045 et
935 3004 1046 3044 adversus
1060 3003 1138 3045 solim

157 3048 273 3101 pronoen,
290 3052 420 3094 interlectos
434 3059 476 3098 est.
493 3055 631 3097 conmutatum
640 3058 712 3099 Carbo
726 3057 788 3097 solus
802 3060 880 3109 gessit.
897 3058 962 3100 Sulla
977 3070 1027 3099 cum
1043 3059 1064 3097 ln
1073 3058 1139 3098 Asiam

157 3103 295 3154 traiecisset,
318 3117 393 3157 pacem
413 3119 461 3148 cum
482 3107 611 3151 Mithridate
631 3111 697 3158 lecit,
718 3111 750 3151 lta
770 3113 795 3151 ut
809 3113 829 3152 is
843 3112 933 3152 cederet
948 3113 1071 3164 provinciis
1084 3111 1136 3156 Asis,

157 3155 270 3210 Bithynia,
287 3159 434 3212 Cappadocia.
454 3163 549 3203 Fimbria
565 3163 667 3208 desertua
681 3165 708 3204 sh
723 3165 835 3214 exercitu,
851 3168 889 3218 qui
905 3166 933 3206 ad
947 3167 1037 3207 Sullam
1052 3166 1136 3205 transie·

156 3213 267 3308 mtdpset
277 3223 301 3254 ae
316 3216 439 3266 percussit;
453 3216 625 3269 impetravitque
639 3230 652 3258 s
666 3229 732 3260 nervo
747 3227 799 3270 suo,
814 3220 923 3272 praebens
939 3223 1066 3271 cervicem,
1081 3223 1103 3258 ot
1116 3227 1136 3258 se

156 3278 201 3306 ocor
221 3277 275 3306 ere.

211 3320 327 3365 LXXXlV.
348 3320 413 3370 Sulla
427 3324 519 3374 legatia,
541 3326 578 3376 qui
593 3337 606 3364 a
620 3329 698 3366 senatu
713 3327 775 3366 missi
791 3329 866 3377 erant,
887 3327 985 3368 lotorum
1000 3337 1026 3368 se
1040 3326 1063 3367 iu
1079 3327 1135 3380 pots·

156 3374 214 3411 state
229 3377 321 3415 senatun
334 3375 457 3427 respondit,
473 3380 492 3417 sl
508 3379 575 3426 cives,
592 3379 629 3429 qul
646 3379 704 3430 pulsi
720 3392 733 3419 a
748 3379 818 3420 Cinna
833 3381 860 3420 sd
875 3381 1062 3432 secontugerant,
1079 3377 1135 3421 resti·

156 3425 277 3466 tuerentur.
302 3438 358 3478 quae
373 3428 472 3469 condicio
488 3442 536 3470 cum
551 3432 610 3472 iusta
625 3433 711 3472 senatui
727 3431 851 3482 videretur,
868 3446 908 3485 per
922 3437 1048 3477 Carbonem
1065 3432 1133 3474 tactio·

157 3485 251 3525 nemque
266 3481 314 3520 eius
329 3484 363 3521 cui
380 3481 461 3523 bellum
476 3483 594 3524 videbatur
610 3486 699 3534 utilius,
715 3497 742 3525 ne
756 3488 888 3527 conveniret
902 3490 1004 3529 effectum
1019 3491 1062 3532 est.
1083 3486 1133 3526 iden
