2364 3862
216 258 330 318 traua
344 258 436 318 xcv.
459 258 542 318 cna.
557 267 623 320 aa.
644 261 725 336 [uc.
739 259 800 337 rsa]
935 258 998 323 255

40 407 248 469 irllacedonio
266 413 434 483 pugnatum
455 413 512 468 est.
548 405 585 467 ll.
612 415 737 484 postero
759 409 809 470 die
826 420 951 472 senatus
966 414 996 477 iu

42 492 105 552 curia
116 490 241 564 habitus,
256 489 563 567 supplicationesque
577 492 728 566 decretae,
744 502 774 553 et
786 502 911 556 senatus
924 511 997 556 con·

39 575 127 636 tultum
141 575 251 634 lactum
266 583 322 648 est,
344 581 376 635 ut
390 577 507 649 consul,
520 591 600 651 quos
616 584 738 651 praeter
753 577 862 638 milites
878 581 996 640 socios-

38 674 86 734 que
97 659 216 718 uovales
232 659 409 720 coniuratos
422 658 567 733 haberet,
589 659 765 721 dimitterem
798 661 838 720 de
853 662 998 723 militibus

37 742 169 818 sociisque
182 742 345 803 navalibus
361 743 547 803 dimittendis
561 745 740 817 referretur,
762 759 831 804 cum
852 747 944 820 legati
958 747 997 806 ab

36 824 190 885 briomilia
202 828 339 908 consule,
358 827 501 901 aquibus
514 826 703 902 praemissus
714 828 892 888 tabellarius
904 836 997 903 esset,

36 907 177 969 venissent
199 909 368 970 antediem
389 916 509 970 sextum
529 909 596 969 Kal.
614 910 762 971 Octobres
777 911 854 972 bora
869 914 933 972 iere
948 929 994 974 sc·

36 992 217 1068 condelegati
232 993 340 1053 urbem
354 992 487 1070 ingressi
500 1000 587 1054 suut:
603 994 756 1069 ingentem
768 1011 873 1056 secum
888 1011 996 1057 oecur-

35 1075 155 1148 urtam,
177 1093 372 1152 quacumque
386 1078 484 1152 ibant,
510 1079 826 1155 prosequentiumque
843 1079 996 1140 trabentes

35 1158 130 1219 turbam
144 1158 174 1219 in
190 1161 291 1221 iorum
306 1161 346 1220 ad
360 1161 477 1222 curiam
499 1169 708 1236 perrexerunt.
731 1169 857 1222 senatus
873 1164 951 1223 lorte
966 1164 996 1222 in

35 1243 100 1302 ouda
113 1250 188 1304 erat=
217 1259 256 1306 eo
272 1244 390 1319 legatos
405 1247 514 1306 consul
528 1245 704 1305 introduxit.
737 1245 778 1304 ibi
792 1253 909 1306 tautum
922 1253 996 1306 tem·

10 1369 11 1372 ,
36 1326 102 1399 poris
115 1329 230 1403 retenti,
245 1329 318 1388 dum
334 1337 526 1405 exponerent
541 1336 674 1405 quantae
692 1329 797 1403 regiae
818 1328 928 1404 copiae
943 1345 995 1404 pe-

10 1405 11 1476 }
36 1407 110 1470 ditum
123 1410 322 1486 equitumque
337 1412 482 1487 luissent,
499 1419 574 1487 quot
588 1411 670 1472 milia
685 1427 724 1473 ex
739 1411 787 1472 bis
803 1427 905 1485 caesa,
922 1419 994 1488 quot

36 1496 215 1568 oaptalorent,
230 1512 323 1572 quam
336 1512 503 1571 paucorum
509 1496 634 1556 militum
646 1495 761 1556 iactura
772 1497 996 1558 tantahostiunt

36 1583 131 1652 strages
145 1581 235 1655 lacta,
252 1595 344 1656 quarn
364 1594 434 1640 curn
456 1579 564 1656 paucis
584 1595 640 1640 rex
660 1579 803 1654 fugisset,
829 1581 996 1642 existimari

10 1663 12 1732 l
37 1657 252 1724 Samotlmuiam
268 1664 441 1739 petiturum,
457 1671 593 1739 paratum
609 1665 741 1723 classem
754 1663 794 1721 ud
808 1678 995 1739 persequen-

36 1741 90 1804 dum
102 1762 183 1823 esse,
210 1763 315 1823 neque
339 1754 420 1808 terra
440 1762 543 1823 neque
563 1746 639 1805 mari
655 1746 734 1806 elabi
750 1761 862 1821 posse3
888 1747 996 1805 eadem

36 1825 94 1890 laec
107 1833 193 1906 paulo
210 1838 284 1908 post
297 1831 326 1890 in
348 1831 522 1892 contionem
543 1829 672 1892 traducti
697 1834 923 1903 exposuerunt3
948 1845 995 1889 re-

36 1921 183 1991 novataque
200 1914 323 1987 laetitia,
339 1931 409 1975 cum
423 1915 531 1975 consul
546 1913 710 1984 edixisset,
732 1920 766 1973 ut
780 1927 887 1972 omnes
902 1913 997 1972 aedes

38 2009 121 2059 sacrae
135 2000 334 2075 aperirentur,
349 2015 406 2074 pro
422 2015 457 2059 se
473 1999 606 2074 quisque
620 2012 660 2056 ex
675 1996 817 2057 contione
832 1996 871 2055 ad
882 1996 996 2070 gratias

39 2081 147 2152 geldas
162 2083 206 2143 ire
221 2082 298 2155 diis,
318 2081 496 2157 ingentique
510 2081 599 2143 turba
612 2097 674 2142 non
685 2079 818 2140 virorum
835 2080 928 2140 modo
940 2080 997 2140 sed

39 2159 106 2222 ctam
119 2167 297 2227 seminarum
313 2168 452 2226 conferta
465 2173 529 2227 tota
542 2165 619 2224 urbe
640 2165 767 2225 deorum
786 2163 997 2223 immortalium

40 2249 135 2323 templa.
164 2257 292 2312 senatus
311 2256 477 2310 revocatus
499 2249 529 2308 in
551 2249 667 2308 curiam
687 2248 931 2323 supplicationes
957 2247 1001 2306 ob

39 2343 84 2390 rem
95 2335 212 2410 egregie
223 2340 342 2410 gestam
358 2333 397 2393 ab
410 2333 443 2392 L.
455 2333 584 2393 Aemilio
597 2330 766 2393 consulein
780 2333 917 2406 quinque
929 2331 997 2390 dies

40 2411 100 2476 circa
124 2419 224 2479 omnia
253 2417 425 2493 pulvinaria
450 2417 600 2491 decrerit,
628 2415 801 2491 hostiisque
829 2415 996 2475 maioribus

40 2498 178 2561 sacrificari
199 2501 300 2563 iussit.
337 2517 434 2561 naves
461 2517 541 2576 quae
562 2500 592 2559 in
619 2499 720 2559 Tiberi
741 2507 866 2573 paratae
886 2497 997 2582 iustru-

40 2585 142 2658 ttaeque
156 2587 288 2658 stabant,
304 2591 338 2645 ut
349 2585 375 2644 si
386 2600 441 2644 rex
453 2592 563 2660 posset
573 2584 728 2654 resistere,
744 2580 997 2640 inlllacedoniam

40 2662 207 2744 litterentur,
231 2667 364 2730 subduci
378 2669 451 2728 etin
467 2667 628 2727 navalibus
643 2663 803 2737 collocari,
825 2663 930 2724 socios
945 2678 998 2721 na-

39 2747 104 2810 tales
116 2753 183 2814 dato
200 2769 304 2813 annuo
320 2753 475 2828 stipendio
491 2751 607 2824 dimitti,
622 2757 653 2810 et
668 2764 737 2808 cum
751 2746 800 2806 his
814 2761 930 2820 omnes,
946 2745 1000 2821 qui

41 2823 189 2898 beonsutts
205 2838 302 2898 verba
317 2837 506 2904 iuraverant;
534 2842 564 2894 et
583 2834 667 2910 quod
690 2831 818 2891 militum
834 2830 997 2908 Corcyrae,

42 2909 174 2995 lundisit,
190 2922 231 2982 ad
246 2936 330 2980 mare
346 2935 495 2995 superum
510 2924 562 2978 aut
577 2917 608 2978 in
622 2933 696 2993 agro
711 2914 844 2975 Larinati
858 2922 943 2975 esset
955 2945 999 2959 -

40 3000 154 3064 cunibus
173 3007 222 3066 bis
243 3006 320 3064 locis
342 3004 513 3079 dispositus
532 3001 685 3062 exercitus
701 3001 814 3073 luerat,
837 3015 905 3060 cum
926 3015 998 3075 quo,

43 3079 110 3144 lires
124 3095 274 3163 posceret
291 3088 322 3149 0.
338 3087 473 3148 Licinius
490 3088 628 3161 collegae
642 3087 736 3145 terret
749 3098 856 3158 opem,
880 3117 917 3127 -
940 3083 999 3142 laos

45 3177 124 3230 onnes
144 3175 252 3234 milites
275 3172 382 3232 dimitti
404 3170 529 3248 placuit.
571 3169 754 3245 supplicatio
777 3183 833 3242 pro
856 3167 998 3228 contione

45 3255 133 3324 londo
152 3256 266 3318 indicta
285 3263 333 3316 est
353 3272 393 3316 ex
414 3253 584 3316 antediem
606 3254 743 3329 quintum
764 3251 835 3312 idus
851 3249 998 3311 Octobres

43 3343 93 3394 ¹tun
105 3353 137 3398 eo
152 3341 201 3401 die
215 3342 245 3401 in
262 3341 400 3417 quinque
415 3340 493 3399 dies.

106 3421 149 3482 lll.
170 3426 215 3484 lix
229 3425 353 3504 Illyrico
374 3425 436 3483 duo
459 3423 565 3497 legati,
588 3421 619 3480 0.
639 3420 773 3480 Licinius
794 3417 894 3476 Nerva
915 3417 945 3471 et
965 3410 997 3469 P.

45 3491 140 3580 lectus,
154 3511 329 3571 nuntiarunt
343 3505 509 3568 exercitum
520 3505 693 3582 lllyriorum
708 3515 840 3570 caesum,
858 3493 1000 3555 Gentium,
