2368 3858
160 198 223 262 268
321 200 437 261 LIBER
450 199 541 261 XLV.
566 201 648 261 CAP.
663 209 706 264 16.
723 207 766 263 17.
783 207 820 274 [a.
832 205 866 258 U.
879 223 903 265 c.
915 207 977 274 585]

160 354 255 415 aedes
270 353 361 414 deum
376 351 531 429 penatium
550 353 582 414 in
596 353 687 413 Velia
701 352 741 413 de
758 353 843 413 caelo
861 358 942 412 tacta
962 358 1050 426 erat,
1073 353 1153 414 etin

160 437 278 514 oppido
294 435 444 498 Minervio
460 436 540 496 duae
554 443 663 512 portae
683 443 714 497 at
733 435 811 495 muri
831 435 1038 510 aliquantum.
1069 438 1151 498 Aut·

160 522 252 597 gaiae
266 528 347 581 terra
362 521 497 595 pluerat,
519 526 551 580 ct
569 518 696 579 Lanuvii
717 519 814 579 lexin
830 518 916 580 caelo
930 519 1002 579 visa
1014 526 1108 589 erat3
1128 527 1155 584 et

160 602 294 666 Calatiae
307 603 339 664 in
354 602 478 680 publico
494 617 568 677 agro
582 601 624 662 lt
640 601 784 664 Valerius
799 601 875 663 ciris
896 603 1063 663 Romanus
1077 619 1152 665 nau

160 687 255 749 tiabat
267 702 308 748 ex
321 688 392 749 ioco
407 703 466 748 suo
482 686 663 761 sanguinem
678 700 734 760 per
746 683 879 746 triduum
895 691 926 745 et
939 685 1023 745 duas
1041 694 1155 750 noem

159 777 314 831 manasse.
337 770 377 831 ob
392 771 424 830 id
438 770 569 830 maxime
585 768 751 830 decemviri
764 769 860 829 libros
874 768 960 830 adire
973 767 1062 828 iussi
1080 785 1151 846 sup
1167 789 1168 792 ¹

161 854 356 930 plicationem
369 854 400 914 in
416 853 497 914 diem
511 869 604 916 unum
618 853 735 928 populo
750 850 926 924 edixerunt,
947 858 978 910 et
993 852 1153 932 quinqua

160 937 244 1012 ginta
258 935 359 1012 capris
374 936 405 997 in
421 937 488 998 soro
504 935 765 998 sacrificaverunt.
801 936 972 997 stallorum
986 937 1153 1012 prodigio

161 1036 230 1082 rum
244 1035 340 1082 causa
354 1017 434 1081 diem
450 1021 577 1082 alterum
592 1020 775 1096 supplicatio
791 1017 873 1078 circa
888 1018 990 1080 omnia
1007 1021 1154 1094 pulvina-

121 1131 123 1146 ·
159 1104 206 1165 ria
213 1103 268 1164 luit
275 1103 419 1166 ethostiis
426 1103 593 1164 maioribus
606 1101 810 1164 sacrificatum
821 1108 870 1163 est
880 1108 911 1164 et
920 1102 997 1164 urbs
1010 1105 1159 1167 lustrata

160 1188 241 1260 inde,
268 1187 353 1263 quod
377 1188 417 1248 ad
442 1187 590 1249 honorem
614 1187 706 1248 deum
729 1184 942 1246 immortalium
969 1187 1153 1260 pertineret,

161 1269 299 1332 decrevit
314 1278 452 1347 senatus,
465 1278 500 1332 ut
510 1271 654 1346 quoniam
663 1270 839 1345 perduelles
851 1269 998 1345 superati,
1011 1269 1160 1334 Perseus

162 1361 193 1415 et
200 1355 326 1416 Gentius
336 1370 428 1430 reges
441 1371 508 1415 cum
518 1353 701 1437 Macedonia
711 1359 803 1428 atque
814 1353 936 1430 illyrico
948 1352 979 1411 in
992 1360 1155 1427 potestate

161 1437 268 1513 populi
291 1437 421 1499 Romani
440 1445 561 1512 essent,
581 1444 615 1498 ut
636 1443 749 1512 quanta
769 1437 852 1497 dona
871 1437 932 1512 Ap.
955 1435 1093 1499 Claudio
1115 1437 1155 1502 Μ.

161 1519 347 1595 Sempronio
360 1521 539 1582 consulibus
552 1521 591 1582 ob
603 1521 756 1581 devictum
763 1519 946 1580 Antiochum
956 1535 1070 1594 regem
1084 1521 1155 1585 dats

162 1602 318 1664 adomnia
335 1603 507 1678 pulvinaria
527 1611 646 1677 essent,
668 1611 751 1666 tanta
772 1603 806 1677 Q.
829 1602 953 1664 Cassius
973 1609 1008 1664 et
1027 1603 1085 1662 M‘,
1107 1605 1153 1664 lu·

162 1687 283 1748 vectius
299 1694 457 1763 praetores
473 1695 616 1750 curarent
629 1688 740 1749 danda.

240 1770 334 1832 xvtt.
355 1771 486 1846 Legatos
502 1771 623 1843 deinde,
647 1787 778 1846 quorum
792 1771 832 1830 de
847 1771 1000 1832 sententia
1014 1770 1153 1847 impera·

161 1861 244 1916 tores
257 1855 293 1914 L.
308 1854 421 1916 Patrius
434 1855 468 1916 L.
484 1855 611 1916 Anicius
625 1862 845 1929 componerent
858 1869 919 1926 res,
941 1855 1157 1916 decreverunt

162 1939 268 2000 decern
283 1938 313 1998 in
328 1939 549 2014 Macedoniarn,
570 1937 708 2014 quinque
719 1937 749 1997 in
764 1937 928 2015 Illyricum.
950 1936 980 1996 in
997 1936 1153 2001 Macaria

163 2023 245 2083 niam
259 2027 332 2082 sunt
344 2022 376 2083 hi
390 2020 544 2096 nominati,
560 2024 599 2081 Α.
613 2020 787 2082 Posttunius
802 2019 922 2081 Luscus
938 2020 969 2080 C.
987 2019 1153 2094 Claudius,

161 2104 251 2165 ambo
266 2103 287 2163 ii
302 2105 450 2171 censoriis
465 2105 498 2146 **
513 2105 544 2164 C.
556 2105 689 2166 Licinius
701 2104 976 2179 Crassus‚collega
987 2101 1021 2163 in
1035 2119 1158 2168 consu-

160 2189 223 2247 latu
246 2186 348 2247 Paulis
376 2194 439 2248 tum
461 2194 627 2262 prorogato
651 2189 779 2263 imperio
800 2186 990 2262 provinciam
1018 2187 1154 2250 Galliam

160 2268 302 2330 habebat
323 2269 361 2329 iis
378 2269 592 2331 consularibus
607 2270 755 2331 addidere
776 2271 829 2332 Cn.
842 2270 1007 2332 Domitium
1022 2270 1155 2334 Aheno·

161 2351 376 2427 barbam-Ser.
400 2352 572 2414 CornelIum
594 2353 708 2415 Sullam
729 2355 763 2414 L.
783 2353 901 2414 lunium
921 2355 954 2413 T.
972 2353 1154 2416 Numisium

160 2434 413 2512 Tarquiniensem
431 2439 469 2498 Α.
484 2423 655 2499 Terentium
674 2440 845 2500 Varronem
861 2438 891 2498 0.
905 2433 1070 2500 Antistium
1082 2439 1155 2502 ta-

161 2521 288 2582 aconem.
323 2519 354 2580 in
368 2520 523 2598 illyricum
538 2528 638 2582 autem
653 2519 685 2582 hi
699 2520 858 2595 nominati,
876 2520 909 2580 P.
927 2521 1037 2582 Aelius
1051 2521 1152 2597 Ligus

161 2605 343 2681 consularis,
363 2604 394 2665 C.
410 2605 565 2667 Cicereius
579 2611 610 2666 et
624 2605 676 2668 Cn.
696 2604 831 2666 Baebius
846 2604 1086 2679 Tamphilus-
1098 2606 1155 2668 hic

161 2688 264 2764 priore
276 2703 366 2764 auno,
382 2688 535 2752 Cicereius
550 2689 651 2750 multis
665 2697 736 2750 ante
746 2687 834 2748 annis
846 2695 970 2764 praetor
980 2689 1086 2750 iuerat
1095 2721 1151 2762 ——,

160 2769 192 2832 P.
214 2771 373 2834 Terentius
395 2773 631 2847 Tusciuicanus,
652 2771 684 2830 P.
705 2772 857 2833 Manilius.
898 2771 1006 2832 moniti
1031 2771 1152 2833 deinde

161 2856 306 2915 consules
322 2870 342 2915 a
350 2856 499 2930 patribus,
510 2863 551 2929 ut,
568 2856 712 2930 quoniam
724 2856 850 2916 alterum
862 2870 902 2916 ex
912 2855 960 2916 his
972 2856 1152 2916 succedere

120 3007 123 3014 Δ
162 2936 192 2997 C.
201 2934 327 3010 Licinio,
342 2937 519 3012 quilegatus
530 2939 704 3000 nominatus
715 2945 789 3014 erat,
804 2937 969 2999 inGalliam
977 2947 1153 3014 oporteret,

160 3019 258 3094 primo
275 3035 400 3095 quoque
412 3028 551 3096 tempore
565 3022 741 3097 provincias
763 3028 815 3084 aut
834 3030 1052 3097 compararent
1064 3022 1154 3083 inter

160 3117 196 3162 se
210 3108 262 3163 aut
275 3103 463 3179 sortirentur,
476 3105 573 3166 sortiti
585 3112 665 3166 sunt.
685 3105 726 3165 Μ.
741 3106 827 3167 lunio
837 3105 928 3166 Pisae
942 3105 1151 3180 obvenerunt,

160 3201 252 3261 quem
266 3187 447 3263 priusquam
460 3188 490 3247 in
506 3188 696 3264 provinciam
710 3189 776 3264 iret,
790 3190 969 3266 legationes,
991 3204 1073 3265 quae
1086 3205 1150 3250 un-

160 3269 255 3344 dique
267 3272 394 3332 Romam
410 3274 591 3346 gratulatum
607 3279 825 3347 convenerunt,
836 3273 1031 3334 introducere
1043 3272 1076 3332 in
1091 3287 1150 3331 se-

160 3360 264 3413 natum
278 3354 400 3428 placuit,
419 3355 452 3429 Q.
466 3356 555 3416 Aelio
572 3356 676 3416 Gallia.
713 3363 846 3416 cetorum
861 3371 1047 3432 quamquam
1062 3355 1149 3416 tales

159 3435 217 3495 viri
232 3435 426 3512 mitterentur,
444 3453 572 3512 quorum
586 3437 625 3496 de
640 3438 769 3500 consilio
786 3438 903 3514 sperari
918 3446 1029 3514 posset
1042 3437 1151 3512 impe-
