<?xml version="1.0" encoding="UTF-8"?>
<!DOCTYPE html PUBLIC "-//W3C//DTD XHTML 1.0 Transitional//EN"
    "http://www.w3.org/TR/xhtml1/DTD/xhtml1-transitional.dtd">
<html xmlns="http://www.w3.org/1999/xhtml" xml:lang="en" lang="en">
 <head>
  <title>
</title>
<meta http-equiv="Content-Type" content="text/html;charset=utf-8" />
  <meta name='ocr-system' content='tesseract 3.04.00' />
  <meta name='ocr-capabilities' content='ocr_page ocr_carea ocr_par ocr_line ocrx_word'/>
</head>
<body>
  <div class='ocr_page' id='page_1' title='image "./titiliviaburbec01livygoog_0321.png"; bbox 0 0 2368 3858; ppageno 0'>
   <div class='ocr_carea' id='block_1_1' title="bbox 219 177 1012 258">
    <p class='ocr_par' dir='ltr' id='par_1_1' title="bbox 219 177 1012 258">
     <span class='ocr_line' id='line_1_1' title="bbox 219 177 1012 258; baseline 0.016 -22"><span class='ocrx_word' id='word_1_1' title='bbox 219 177 434 239; x_wconf 79' lang='lat' dir='ltr'>nrauaxuv.</span> <span class='ocrx_word' id='word_1_2' title='bbox 458 182 650 245; x_wconf 57' lang='lat' dir='ltr'>unauna.</span> <span class='ocrx_word' id='word_1_3' title='bbox 675 191 832 258; x_wconf 60' lang='lat' dir='ltr'>[acmen</span> <span class='ocrx_word' id='word_1_4' title='bbox 950 186 1012 250; x_wconf 78' lang='lat'>295</span> 
     </span>
    </p>
   </div>
   <div class='ocr_carea' id='block_1_2' title="bbox 8 327 1090 3496">
    <p class='ocr_par' dir='ltr' id='par_1_2' title="bbox 8 327 1090 3232">
     <span class='ocr_line' id='line_1_2' title="bbox 46 327 1018 410; baseline 0.011 -25"><span class='ocrx_word' id='word_1_5' title='bbox 46 327 99 386; x_wconf 87' lang='lat' dir='ltr'>citu</span> <span class='ocrx_word' id='word_1_6' title='bbox 110 333 246 402; x_wconf 86' lang='lat' dir='ltr'>accepto,</span> <span class='ocrx_word' id='word_1_7' title='bbox 258 329 379 390; x_wconf 81' lang='lat' dir='ltr'>mutatis</span> <span class='ocrx_word' id='word_1_8' title='bbox 392 330 585 406; x_wconf 91' lang='lat' dir='ltr'>quibusdam,</span> <span class='ocrx_word' id='word_1_9' title='bbox 599 334 1018 410; x_wconf 84' lang='lat' dir='ltr'>quaemagnaimpedimenta</span> 
     </span>
     <span class='ocr_line' id='line_1_3' title="bbox 46 410 1016 493; baseline 0.01 -23"><span class='ocrx_word' id='word_1_10' title='bbox 46 410 179 470; x_wconf 81' lang='lat' dir='ltr'>victoriae</span> <span class='ocrx_word' id='word_1_11' title='bbox 194 419 290 486; x_wconf 88' lang='lat' dir='ltr'>erant,</span> <span class='ocrx_word' id='word_1_12' title='bbox 311 429 499 488; x_wconf 81' lang='lat' dir='ltr'>progressus</span> <span class='ocrx_word' id='word_1_13' title='bbox 514 415 594 490; x_wconf 88' lang='lat' dir='ltr'>inde,</span> <span class='ocrx_word' id='word_1_14' title='bbox 617 417 689 491; x_wconf 88' lang='lat' dir='ltr'>quia</span> <span class='ocrx_word' id='word_1_15' title='bbox 703 417 953 493; x_wconf 82' lang='lat' dir='ltr'>inexpugnabilia</span> <span class='ocrx_word' id='word_1_16' title='bbox 967 437 1016 481; x_wconf 89' lang='lat' dir='ltr'>ca-</span> 
     </span>
     <span class='ocr_line' id='line_1_4' title="bbox 46 493 1018 576; baseline 0.012 -24"><span class='ocrx_word' id='word_1_17' title='bbox 46 501 99 552; x_wconf 87' lang='lat' dir='ltr'>stra</span> <span class='ocrx_word' id='word_1_18' title='bbox 112 493 248 555; x_wconf 89' lang='lat' dir='ltr'>hostium</span> <span class='ocrx_word' id='word_1_19' title='bbox 264 503 351 556; x_wconf 91' lang='lat' dir='ltr'>crant</span> <span class='ocrx_word' id='word_1_20' title='bbox 366 514 467 573; x_wconf 87' lang='lat' dir='ltr'>neque</span> <span class='ocrx_word' id='word_1_21' title='bbox 482 498 551 572; x_wconf 90' lang='lat' dir='ltr'>cogi</span> <span class='ocrx_word' id='word_1_22' title='bbox 567 515 704 574; x_wconf 86' lang='lat' dir='ltr'>pugnare</span> <span class='ocrx_word' id='word_1_23' title='bbox 719 508 839 576; x_wconf 88' lang='lat' dir='ltr'>poterat</span> <span class='ocrx_word' id='word_1_24' title='bbox 853 517 918 573; x_wconf 89' lang='lat' dir='ltr'>rex,</span> <span class='ocrx_word' id='word_1_25' title='bbox 940 503 1018 564; x_wconf 91' lang='lat' dir='ltr'>inter</span> 
     </span>
     <span class='ocr_line' id='line_1_5' title="bbox 45 576 1017 662; baseline 0.012 -27"><span class='ocrx_word' id='word_1_26' title='bbox 45 576 189 650; x_wconf 87' lang='lat' dir='ltr'>praesidia</span> <span class='ocrx_word' id='word_1_27' title='bbox 205 578 274 640; x_wconf 91' lang='lat' dir='ltr'>eius</span> <span class='ocrx_word' id='word_1_28' title='bbox 285 581 396 641; x_wconf 90' lang='lat' dir='ltr'>saltum</span> <span class='ocrx_word' id='word_1_29' title='bbox 411 583 450 641; x_wconf 92' lang='lat' dir='ltr'>ad</span> <span class='ocrx_word' id='word_1_30' title='bbox 461 581 580 642; x_wconf 86' lang='lat' dir='ltr'>Petram</span> <span class='ocrx_word' id='word_1_31' title='bbox 591 583 685 656; x_wconf 85' lang='lat' dir='ltr'>evasi,</span> <span class='ocrx_word' id='word_1_32' title='bbox 703 591 734 644; x_wconf 85' lang='lat' dir='ltr'>el</span> <span class='ocrx_word' id='word_1_33' title='bbox 747 585 786 644; x_wconf 92' lang='lat' dir='ltr'>ad</span> <span class='ocrx_word' id='word_1_34' title='bbox 798 601 932 661; x_wconf 81' lang='lat' dir='ltr'>pugnam</span> <span class='ocrx_word' id='word_1_35' title='bbox 943 603 1017 662; x_wconf 83' lang='lat' dir='ltr'>rege</span> 
     </span>
     <span class='ocr_line' id='line_1_6' title="bbox 43 661 1016 744; baseline 0.011 -24"><span class='ocrx_word' id='word_1_36' title='bbox 43 668 139 721; x_wconf 90' lang='lat' dir='ltr'>coacto</span> <span class='ocrx_word' id='word_1_37' title='bbox 161 661 231 723; x_wconf 85' lang='lat' dir='ltr'>acie</span> <span class='ocrx_word' id='word_1_38' title='bbox 246 661 322 737; x_wconf 89' lang='lat' dir='ltr'>vici,</span> <span class='ocrx_word' id='word_1_39' title='bbox 343 665 555 726; x_wconf 87' lang='lat' dir='ltr'>Macedoniam</span> <span class='ocrx_word' id='word_1_40' title='bbox 575 665 606 726; x_wconf 92' lang='lat' dir='ltr'>in</span> <span class='ocrx_word' id='word_1_41' title='bbox 628 675 809 743; x_wconf 84' lang='lat' dir='ltr'>potestatem</span> <span class='ocrx_word' id='word_1_42' title='bbox 833 670 941 744; x_wconf 92' lang='lat' dir='ltr'>populi</span> <span class='ocrx_word' id='word_1_43' title='bbox 957 673 1016 731; x_wconf 90' lang='lat' dir='ltr'>Ro·</span> 
     </span>
     <span class='ocr_line' id='line_1_7' title="bbox 42 744 1017 828; baseline 0.012 -26"><span class='ocrx_word' id='word_1_44' title='bbox 42 744 112 803; x_wconf 89' lang='lat' dir='ltr'>mani</span> <span class='ocrx_word' id='word_1_45' title='bbox 131 745 256 820; x_wconf 81' lang='lat' dir='ltr'>redegi,</span> <span class='ocrx_word' id='word_1_46' title='bbox 279 753 309 805; x_wconf 90' lang='lat' dir='ltr'>et</span> <span class='ocrx_word' id='word_1_47' title='bbox 329 749 414 823; x_wconf 92' lang='lat' dir='ltr'>quod</span> <span class='ocrx_word' id='word_1_48' title='bbox 429 749 540 809; x_wconf 89' lang='lat' dir='ltr'>bellum</span> <span class='ocrx_word' id='word_1_49' title='bbox 557 765 612 825; x_wconf 89' lang='lat' dir='ltr'>per</span> <span class='ocrx_word' id='word_1_50' title='bbox 626 752 858 826; x_wconf 83' lang='lat' dir='ltr'>quadriennium</span> <span class='ocrx_word' id='word_1_51' title='bbox 875 761 1017 828; x_wconf 91' lang='lat' dir='ltr'>quattuor</span> 
     </span>
     <span class='ocr_line' id='line_1_8' title="bbox 41 831 1015 910; baseline 0.012 -24"><span class='ocrx_word' id='word_1_52' title='bbox 41 837 101 887; x_wconf 86' lang='lat' dir='ltr'>autc</span> <span class='ocrx_word' id='word_1_53' title='bbox 124 844 174 888; x_wconf 92' lang='lat' dir='ltr'>me</span> <span class='ocrx_word' id='word_1_54' title='bbox 200 831 348 890; x_wconf 90' lang='lat' dir='ltr'>consules</span> <span class='ocrx_word' id='word_1_55' title='bbox 373 831 416 891; x_wconf 84' lang='lat' dir='ltr'>ila</span> <span class='ocrx_word' id='word_1_56' title='bbox 436 841 612 907; x_wconf 86' lang='lat' dir='ltr'>gesserunt,</span> <span class='ocrx_word' id='word_1_57' title='bbox 638 842 672 894; x_wconf 87' lang='lat' dir='ltr'>ut</span> <span class='ocrx_word' id='word_1_58' title='bbox 693 851 816 910; x_wconf 91' lang='lat' dir='ltr'>semper</span> <span class='ocrx_word' id='word_1_59' title='bbox 837 839 1015 898; x_wconf 78' lang='lat' dir='ltr'>successori</span> 
     </span>
     <span class='ocr_line' id='line_1_9' title="bbox 40 912 1014 993; baseline 0.013 -24"><span class='ocrx_word' id='word_1_60' title='bbox 40 912 183 971; x_wconf 86' lang='lat' dir='ltr'>traderent</span> <span class='ocrx_word' id='word_1_61' title='bbox 196 913 335 988; x_wconf 80' lang='lat' dir='ltr'>gravius,</span> <span class='ocrx_word' id='word_1_62' title='bbox 355 915 386 975; x_wconf 91' lang='lat' dir='ltr'>id</span> <span class='ocrx_word' id='word_1_63' title='bbox 402 931 460 990; x_wconf 89' lang='lat' dir='ltr'>ego</span> <span class='ocrx_word' id='word_1_64' title='bbox 477 916 651 990; x_wconf 91' lang='lat' dir='ltr'>quindecim</span> <span class='ocrx_word' id='word_1_65' title='bbox 666 919 775 980; x_wconf 87' lang='lat' dir='ltr'>diebus</span> <span class='ocrx_word' id='word_1_66' title='bbox 791 921 917 993; x_wconf 89' lang='lat' dir='ltr'>pericci.</span> <span class='ocrx_word' id='word_1_67' title='bbox 940 921 1014 981; x_wconf 89' lang='lat' dir='ltr'>alia-</span> 
     </span>
     <span class='ocr_line' id='line_1_10' title="bbox 40 996 1014 1077; baseline 0.007 -23"><span class='ocrx_word' id='word_1_68' title='bbox 40 1011 97 1054; x_wconf 88' lang='lat' dir='ltr'>mm</span> <span class='ocrx_word' id='word_1_69' title='bbox 116 996 230 1057; x_wconf 90' lang='lat' dir='ltr'>deinde</span> <span class='ocrx_word' id='word_1_70' title='bbox 252 999 459 1058; x_wconf 87' lang='lat' dir='ltr'>secundarum</span> <span class='ocrx_word' id='word_1_71' title='bbox 479 1015 580 1060; x_wconf 88' lang='lat' dir='ltr'>rerum</span> <span class='ocrx_word' id='word_1_72' title='bbox 594 1000 677 1062; x_wconf 83' lang='lat' dir='ltr'>velut</span> <span class='ocrx_word' id='word_1_73' title='bbox 692 1010 858 1077; x_wconf 88' lang='lat' dir='ltr'>proventus</span> <span class='ocrx_word' id='word_1_74' title='bbox 874 1013 1014 1066; x_wconf 76' lang='lat' dir='ltr'>secutus:</span> 
     </span>
     <span class='ocr_line' id='line_1_11' title="bbox 8 1077 1014 1162; baseline 0.009 -24"><span class='ocrx_word' id='word_1_75' title='bbox 8 1135 9 1138; x_wconf 74' lang='grc'>,</span> <span class='ocrx_word' id='word_1_76' title='bbox 39 1077 166 1140; x_wconf 83' lang='lat' dir='ltr'>civitates</span> <span class='ocrx_word' id='word_1_77' title='bbox 184 1097 295 1141; x_wconf 90' lang='lat' dir='ltr'>omnes</span> <span class='ocrx_word' id='word_1_78' title='bbox 310 1082 511 1143; x_wconf 84' lang='lat' dir='ltr'>Macedoniae</span> <span class='ocrx_word' id='word_1_79' title='bbox 524 1099 558 1143; x_wconf 93' lang='lat' dir='ltr'>se</span> <span class='ocrx_word' id='word_1_80' title='bbox 574 1083 770 1156; x_wconf 84' lang='lat' dir='ltr'>dediderunl;</span> <span class='ocrx_word' id='word_1_81' title='bbox 792 1101 869 1160; x_wconf 86' lang='lat' dir='ltr'>gaza</span> <span class='ocrx_word' id='word_1_82' title='bbox 883 1089 968 1162; x_wconf 88' lang='lat' dir='ltr'>regia</span> <span class='ocrx_word' id='word_1_83' title='bbox 982 1087 1014 1147; x_wconf 91' lang='lat' dir='ltr'>in</span> 
     </span>
     <span class='ocr_line' id='line_1_12' title="bbox 39 1165 1013 1244; baseline 0.008 -22"><span class='ocrx_word' id='word_1_84' title='bbox 39 1167 211 1236; x_wconf 87' lang='lat' dir='ltr'>potestatem</span> <span class='ocrx_word' id='word_1_85' title='bbox 233 1165 331 1234; x_wconf 78' lang='lat' dir='ltr'>venit3</span> <span class='ocrx_word' id='word_1_86' title='bbox 357 1183 413 1225; x_wconf 91' lang='lat' dir='ltr'>rex</span> <span class='ocrx_word' id='word_1_87' title='bbox 434 1167 502 1241; x_wconf 92' lang='lat' dir='ltr'>ipse</span> <span class='ocrx_word' id='word_1_88' title='bbox 521 1167 712 1228; x_wconf 71' lang='lat' dir='ltr'>tradentibus</span> <span class='ocrx_word' id='word_1_89' title='bbox 733 1185 832 1244; x_wconf 86' lang='lat' dir='ltr'>prope</span> <span class='ocrx_word' id='word_1_90' title='bbox 854 1170 932 1244; x_wconf 93' lang='lat' dir='ltr'>ipsis</span> <span class='ocrx_word' id='word_1_91' title='bbox 954 1171 1013 1231; x_wconf 91' lang='lat' dir='ltr'>diis</span> 
     </span>
     <span class='ocr_line' id='line_1_13' title="bbox 38 1245 1012 1328; baseline 0.009 -25"><span class='ocrx_word' id='word_1_92' title='bbox 38 1245 187 1322; x_wconf 90' lang='lat' dir='ltr'>intemplo</span> <span class='ocrx_word' id='word_1_93' title='bbox 205 1247 441 1309; x_wconf 86' lang='lat' dir='ltr'>Samothracum</span> <span class='ocrx_word' id='word_1_94' title='bbox 456 1266 526 1310; x_wconf 87' lang='lat' dir='ltr'>cum</span> <span class='ocrx_word' id='word_1_95' title='bbox 540 1251 644 1310; x_wconf 90' lang='lat' dir='ltr'>liberis</span> <span class='ocrx_word' id='word_1_96' title='bbox 657 1257 704 1310; x_wconf 89' lang='lat' dir='ltr'>cst</span> <span class='ocrx_word' id='word_1_97' title='bbox 719 1260 837 1327; x_wconf 86' lang='lat' dir='ltr'>captus.</span> <span class='ocrx_word' id='word_1_98' title='bbox 852 1252 923 1312; x_wconf 91' lang='lat' dir='ltr'>mihi</span> <span class='ocrx_word' id='word_1_99' title='bbox 936 1270 1012 1328; x_wconf 93' lang='lat' dir='ltr'>quo·</span> 
     </span>
     <span class='ocr_line' id='line_1_14' title="bbox 40 1331 1014 1412; baseline 0.008 -23"><span class='ocrx_word' id='word_1_100' title='bbox 40 1345 91 1403; x_wconf 89' lang='lat' dir='ltr'>que</span> <span class='ocrx_word' id='word_1_101' title='bbox 109 1331 170 1405; x_wconf 91' lang='lat' dir='ltr'>ipsi</span> <span class='ocrx_word' id='word_1_102' title='bbox 190 1332 285 1392; x_wconf 90' lang='lat' dir='ltr'>nimia</span> <span class='ocrx_word' id='word_1_103' title='bbox 306 1334 365 1393; x_wconf 90' lang='lat' dir='ltr'>iam</span> <span class='ocrx_word' id='word_1_104' title='bbox 386 1335 509 1393; x_wconf 92' lang='lat' dir='ltr'>lortuna</span> <span class='ocrx_word' id='word_1_105' title='bbox 529 1349 597 1393; x_wconf 91' lang='lat' dir='ltr'>mea</span> <span class='ocrx_word' id='word_1_106' title='bbox 617 1335 729 1409; x_wconf 91' lang='lat' dir='ltr'>videri,</span> <span class='ocrx_word' id='word_1_107' title='bbox 752 1352 852 1410; x_wconf 89' lang='lat' dir='ltr'>eoque</span> <span class='ocrx_word' id='word_1_108' title='bbox 867 1343 1014 1412; x_wconf 86' lang='lat' dir='ltr'>suspecta</span> 
     </span>
     <span class='ocr_line' id='line_1_15' title="bbox 38 1416 1014 1495; baseline 0.009 -24"><span class='ocrx_word' id='word_1_109' title='bbox 38 1428 109 1473; x_wconf 90' lang='lat' dir='ltr'>esse.</span> <span class='ocrx_word' id='word_1_110' title='bbox 131 1416 227 1476; x_wconf 88' lang='lat' dir='ltr'>maris</span> <span class='ocrx_word' id='word_1_111' title='bbox 250 1416 389 1491; x_wconf 90' lang='lat' dir='ltr'>pericula</span> <span class='ocrx_word' id='word_1_112' title='bbox 410 1419 516 1477; x_wconf 89' lang='lat' dir='ltr'>timere</span> <span class='ocrx_word' id='word_1_113' title='bbox 532 1419 620 1492; x_wconf 89' lang='lat' dir='ltr'>coepi</span> <span class='ocrx_word' id='word_1_114' title='bbox 640 1418 671 1477; x_wconf 93' lang='lat' dir='ltr'>in</span> <span class='ocrx_word' id='word_1_115' title='bbox 685 1426 769 1480; x_wconf 85' lang='lat' dir='ltr'>tanta</span> <span class='ocrx_word' id='word_1_116' title='bbox 784 1421 915 1495; x_wconf 92' lang='lat' dir='ltr'>pecunia</span> <span class='ocrx_word' id='word_1_117' title='bbox 928 1421 1014 1495; x_wconf 84' lang='lat' dir='ltr'>regia</span> 
     </span>
     <span class='ocr_line' id='line_1_16' title="bbox 8 1495 1011 1579; baseline 0.007 -24"><span class='ocrx_word' id='word_1_118' title='bbox 8 1499 9 1506; x_wconf 75' lang='grc'>’</span> <span class='ocrx_word' id='word_1_119' title='bbox 37 1495 62 1554; x_wconf 92' lang='lat' dir='ltr'>in</span> <span class='ocrx_word' id='word_1_120' title='bbox 80 1498 194 1558; x_wconf 88' lang='lat' dir='ltr'>ltaliam</span> <span class='ocrx_word' id='word_1_121' title='bbox 222 1499 391 1561; x_wconf 88' lang='lat' dir='ltr'>traicienda</span> <span class='ocrx_word' id='word_1_122' title='bbox 416 1509 446 1561; x_wconf 88' lang='lat' dir='ltr'>et</span> <span class='ocrx_word' id='word_1_123' title='bbox 470 1501 586 1561; x_wconf 89' lang='lat' dir='ltr'>victore</span> <span class='ocrx_word' id='word_1_124' title='bbox 606 1503 742 1563; x_wconf 90' lang='lat' dir='ltr'>exercitu</span> <span class='ocrx_word' id='word_1_125' title='bbox 761 1506 1011 1579; x_wconf 82' lang='lat' dir='ltr'>transportando.</span> 
     </span>
     <span class='ocr_line' id='line_1_17' title="bbox 38 1584 1012 1663; baseline 0.008 -23"><span class='ocrx_word' id='word_1_126' title='bbox 38 1590 191 1657; x_wconf 86' lang='lat' dir='ltr'>postquam</span> <span class='ocrx_word' id='word_1_127' title='bbox 217 1584 319 1645; x_wconf 89' lang='lat' dir='ltr'>omnia</span> <span class='ocrx_word' id='word_1_128' title='bbox 340 1585 479 1644; x_wconf 89' lang='lat' dir='ltr'>secundo</span> <span class='ocrx_word' id='word_1_129' title='bbox 501 1587 623 1646; x_wconf 89' lang='lat' dir='ltr'>navium</span> <span class='ocrx_word' id='word_1_130' title='bbox 645 1602 739 1646; x_wconf 90' lang='lat' dir='ltr'>cursu</span> <span class='ocrx_word' id='word_1_131' title='bbox 758 1588 790 1646; x_wconf 91' lang='lat' dir='ltr'>in</span> <span class='ocrx_word' id='word_1_132' title='bbox 810 1588 926 1648; x_wconf 86' lang='lat' dir='ltr'>ltaliam</span> <span class='ocrx_word' id='word_1_133' title='bbox 942 1603 1012 1663; x_wconf 92' lang='lat' dir='ltr'>per-</span> 
     </span>
     <span class='ocr_line' id='line_1_18' title="bbox 38 1669 1014 1745; baseline 0.009 -24"><span class='ocrx_word' id='word_1_134' title='bbox 38 1673 183 1739; x_wconf 86' lang='lat' dir='ltr'>venerunt,</span> <span class='ocrx_word' id='word_1_135' title='bbox 202 1682 306 1742; x_wconf 90' lang='lat' dir='ltr'>neque</span> <span class='ocrx_word' id='word_1_136' title='bbox 321 1675 386 1728; x_wconf 90' lang='lat' dir='ltr'>erat</span> <span class='ocrx_word' id='word_1_137' title='bbox 402 1669 485 1744; x_wconf 92' lang='lat' dir='ltr'>quod</span> <span class='ocrx_word' id='word_1_138' title='bbox 501 1671 579 1728; x_wconf 86' lang='lat' dir='ltr'>ultra</span> <span class='ocrx_word' id='word_1_139' title='bbox 593 1685 746 1744; x_wconf 88' lang='lat' dir='ltr'>precarer,</span> <span class='ocrx_word' id='word_1_140' title='bbox 762 1671 835 1730; x_wconf 90' lang='lat' dir='ltr'>illud</span> <span class='ocrx_word' id='word_1_141' title='bbox 848 1672 962 1745; x_wconf 87' lang='lat' dir='ltr'>optavi,</span> <span class='ocrx_word' id='word_1_142' title='bbox 979 1677 1014 1730; x_wconf 91' lang='lat' dir='ltr'>ut</span> 
     </span>
     <span class='ocr_line' id='line_1_19' title="bbox 38 1752 1012 1826; baseline 0.007 -20"><span class='ocrx_word' id='word_1_143' title='bbox 38 1761 96 1807; x_wconf 92' lang='lat' dir='ltr'>cum</span> <span class='ocrx_word' id='word_1_144' title='bbox 115 1765 155 1808; x_wconf 90' lang='lat' dir='ltr'>cx</span> <span class='ocrx_word' id='word_1_145' title='bbox 176 1766 300 1810; x_wconf 90' lang='lat' dir='ltr'>summo</span> <span class='ocrx_word' id='word_1_146' title='bbox 315 1760 397 1812; x_wconf 90' lang='lat' dir='ltr'>retro</span> <span class='ocrx_word' id='word_1_147' title='bbox 413 1752 496 1811; x_wconf 90' lang='lat' dir='ltr'>volvi</span> <span class='ocrx_word' id='word_1_148' title='bbox 517 1754 639 1813; x_wconf 81' lang='lat' dir='ltr'>fortuna</span> <span class='ocrx_word' id='word_1_149' title='bbox 653 1761 852 1826; x_wconf 88' lang='lat' dir='ltr'>consuesset,</span> <span class='ocrx_word' id='word_1_150' title='bbox 873 1753 1012 1813; x_wconf 87' lang='lat' dir='ltr'>mutatio-</span> 
     </span>
     <span class='ocr_line' id='line_1_20' title="bbox 37 1833 1011 1911; baseline 0.003 -22"><span class='ocrx_word' id='word_1_151' title='bbox 37 1847 95 1890; x_wconf 90' lang='lat' dir='ltr'>nem</span> <span class='ocrx_word' id='word_1_152' title='bbox 115 1833 182 1894; x_wconf 88' lang='lat' dir='ltr'>eius</span> <span class='ocrx_word' id='word_1_153' title='bbox 207 1833 318 1894; x_wconf 90' lang='lat' dir='ltr'>domus</span> <span class='ocrx_word' id='word_1_154' title='bbox 340 1851 408 1896; x_wconf 90' lang='lat' dir='ltr'>mea</span> <span class='ocrx_word' id='word_1_155' title='bbox 428 1837 532 1910; x_wconf 91' lang='lat' dir='ltr'>potius</span> <span class='ocrx_word' id='word_1_156' title='bbox 555 1853 646 1911; x_wconf 86' lang='lat' dir='ltr'>quam</span> <span class='ocrx_word' id='word_1_157' title='bbox 666 1852 717 1895; x_wconf 90' lang='lat' dir='ltr'>res</span> <span class='ocrx_word' id='word_1_158' title='bbox 739 1836 862 1910; x_wconf 89' lang='lat' dir='ltr'>publica</span> <span class='ocrx_word' id='word_1_159' title='bbox 877 1836 1011 1896; x_wconf 86' lang='lat' dir='ltr'>sentiret.</span> 
     </span>
     <span class='ocr_line' id='line_1_21' title="bbox 37 1913 1012 1994; baseline 0.002 -20"><span class='ocrx_word' id='word_1_160' title='bbox 37 1913 128 1990; x_wconf 84' lang='lat' dir='ltr'>itaque</span> <span class='ocrx_word' id='word_1_161' title='bbox 143 1918 323 1978; x_wconf 80' lang='lat' dir='ltr'>defunctam</span> <span class='ocrx_word' id='word_1_162' title='bbox 339 1935 411 1979; x_wconf 89' lang='lat' dir='ltr'>esse</span> <span class='ocrx_word' id='word_1_163' title='bbox 423 1921 575 1979; x_wconf 84' lang='lat' dir='ltr'>fortunam</span> <span class='ocrx_word' id='word_1_164' title='bbox 586 1919 738 1993; x_wconf 89' lang='lat' dir='ltr'>publicam</span> <span class='ocrx_word' id='word_1_165' title='bbox 750 1934 818 1978; x_wconf 88' lang='lat' dir='ltr'>mea</span> <span class='ocrx_word' id='word_1_166' title='bbox 828 1925 888 1978; x_wconf 87' lang='lat' dir='ltr'>tam</span> <span class='ocrx_word' id='word_1_167' title='bbox 901 1918 1012 1994; x_wconf 81' lang='lat' dir='ltr'>insigni</span> 
     </span>
     <span class='ocr_line' id='line_1_22' title="bbox 8 1999 1010 2078; baseline 0.004 -21"><span class='ocrx_word' id='word_1_168' title='bbox 8 2073 9 2076; x_wconf 8' lang='grc' dir='ltr'><strong>Ἴ</strong></span> <span class='ocrx_word' id='word_1_169' title='bbox 38 1999 199 2061; x_wconf 86' lang='lat' dir='ltr'>calamitate</span> <span class='ocrx_word' id='word_1_170' title='bbox 221 2018 329 2077; x_wconf 90' lang='lat' dir='ltr'>spero,</span> <span class='ocrx_word' id='word_1_171' title='bbox 353 2003 437 2078; x_wconf 92' lang='lat' dir='ltr'>quod</span> <span class='ocrx_word' id='word_1_172' title='bbox 458 2001 630 2077; x_wconf 90' lang='lat' dir='ltr'>triumphus</span> <span class='ocrx_word' id='word_1_173' title='bbox 652 2018 754 2075; x_wconf 77' lang='lat' dir='ltr'>meuS,</span> <span class='ocrx_word' id='word_1_174' title='bbox 775 2003 859 2062; x_wconf 91' lang='lat' dir='ltr'>velut</span> <span class='ocrx_word' id='word_1_175' title='bbox 879 2001 1010 2061; x_wconf 90' lang='lat' dir='ltr'>adludi-</span> 
     </span>
     <span class='ocr_line' id='line_1_23' title="bbox 8 2079 1010 2157; baseline 0.006 -18"><span class='ocrx_word' id='word_1_176' title='bbox 8 2113 9 2134; x_wconf 57' lang='lat' dir='ltr'>t</span> <span class='ocrx_word' id='word_1_177' title='bbox 38 2079 122 2142; x_wconf 91' lang='lat' dir='ltr'>brium</span> <span class='ocrx_word' id='word_1_178' title='bbox 138 2102 270 2146; x_wconf 87' lang='lat' dir='ltr'>casuum</span> <span class='ocrx_word' id='word_1_179' title='bbox 282 2085 500 2157; x_wconf 88' lang='lat' dir='ltr'>humanorum,</span> <span class='ocrx_word' id='word_1_180' title='bbox 523 2086 645 2146; x_wconf 92' lang='lat' dir='ltr'>duobus</span> <span class='ocrx_word' id='word_1_181' title='bbox 666 2086 824 2147; x_wconf 79' lang='lat' dir='ltr'>funeribus</span> <span class='ocrx_word' id='word_1_182' title='bbox 846 2086 1010 2146; x_wconf 91' lang='lat' dir='ltr'>liberorum</span> 
     </span>
     <span class='ocr_line' id='line_1_24' title="bbox 37 2168 1010 2244; baseline 0.006 -20"><span class='ocrx_word' id='word_1_183' title='bbox 37 2180 160 2228; x_wconf 88' lang='lat' dir='ltr'>meorum</span> <span class='ocrx_word' id='word_1_184' title='bbox 176 2177 228 2228; x_wconf 89' lang='lat' dir='ltr'>est</span> <span class='ocrx_word' id='word_1_185' title='bbox 241 2168 452 2244; x_wconf 91' lang='lat' dir='ltr'>interpositus.</span> <span class='ocrx_word' id='word_1_186' title='bbox 472 2177 502 2229; x_wconf 89' lang='lat' dir='ltr'>cl</span> <span class='ocrx_word' id='word_1_187' title='bbox 517 2184 586 2229; x_wconf 89' lang='lat' dir='ltr'>cum</span> <span class='ocrx_word' id='word_1_188' title='bbox 601 2185 658 2244; x_wconf 83' lang='lat' dir='ltr'>ego</span> <span class='ocrx_word' id='word_1_189' title='bbox 674 2177 704 2230; x_wconf 91' lang='lat' dir='ltr'>ct</span> <span class='ocrx_word' id='word_1_190' title='bbox 716 2169 849 2230; x_wconf 87' lang='lat' dir='ltr'>Perseus</span> <span class='ocrx_word' id='word_1_191' title='bbox 861 2187 943 2230; x_wconf 87' lang='lat' dir='ltr'>nunc</span> <span class='ocrx_word' id='word_1_192' title='bbox 955 2187 1010 2230; x_wconf 92' lang='lat' dir='ltr'>no·</span> 
     </span>
     <span class='ocr_line' id='line_1_25' title="bbox 37 2247 1009 2329; baseline 0.006 -23"><span class='ocrx_word' id='word_1_193' title='bbox 37 2247 98 2310; x_wconf 87' lang='lat' dir='ltr'>bilia</span> <span class='ocrx_word' id='word_1_194' title='bbox 117 2253 252 2312; x_wconf 91' lang='lat' dir='ltr'>maxime</span> <span class='ocrx_word' id='word_1_195' title='bbox 275 2253 367 2313; x_wconf 87' lang='lat' dir='ltr'>sortis</span> <span class='ocrx_word' id='word_1_196' title='bbox 389 2251 560 2314; x_wconf 87' lang='lat' dir='ltr'>mortalium</span> <span class='ocrx_word' id='word_1_197' title='bbox 581 2255 723 2328; x_wconf 90' lang='lat' dir='ltr'>exempla</span> <span class='ocrx_word' id='word_1_198' title='bbox 737 2260 926 2329; x_wconf 80' lang='lat' dir='ltr'>spectemur=</span> <span class='ocrx_word' id='word_1_199' title='bbox 949 2251 1009 2326; x_wconf 87' lang='lat' dir='ltr'>ille,</span> 
     </span>
     <span class='ocr_line' id='line_1_26' title="bbox 38 2333 1010 2412; baseline 0.002 -20"><span class='ocrx_word' id='word_1_200' title='bbox 38 2333 163 2406; x_wconf 83' lang='lat' dir='ltr'>quiante</span> <span class='ocrx_word' id='word_1_201' title='bbox 187 2351 223 2395; x_wconf 91' lang='lat' dir='ltr'>se</span> <span class='ocrx_word' id='word_1_202' title='bbox 245 2337 385 2409; x_wconf 87' lang='lat' dir='ltr'>captivos</span> <span class='ocrx_word' id='word_1_203' title='bbox 400 2336 542 2412; x_wconf 86' lang='lat' dir='ltr'>captivus</span> <span class='ocrx_word' id='word_1_204' title='bbox 557 2337 625 2412; x_wconf 92' lang='lat' dir='ltr'>ipse</span> <span class='ocrx_word' id='word_1_205' title='bbox 640 2338 710 2397; x_wconf 91' lang='lat' dir='ltr'>duci</span> <span class='ocrx_word' id='word_1_206' title='bbox 725 2337 840 2397; x_wconf 91' lang='lat' dir='ltr'>liberos</span> <span class='ocrx_word' id='word_1_207' title='bbox 854 2337 944 2410; x_wconf 85' lang='lat' dir='ltr'>vidit,</span> <span class='ocrx_word' id='word_1_208' title='bbox 965 2336 1010 2394; x_wconf 92' lang='lat' dir='ltr'>in·</span> 
     </span>
     <span class='ocr_line' id='line_1_27' title="bbox 38 2417 1010 2496; baseline 0.003 -22"><span class='ocrx_word' id='word_1_209' title='bbox 38 2417 161 2480; x_wconf 90' lang='lat' dir='ltr'>columes</span> <span class='ocrx_word' id='word_1_210' title='bbox 185 2427 288 2480; x_wconf 89' lang='lat' dir='ltr'>tamen</span> <span class='ocrx_word' id='word_1_211' title='bbox 309 2435 365 2480; x_wconf 91' lang='lat' dir='ltr'>eos</span> <span class='ocrx_word' id='word_1_212' title='bbox 387 2419 493 2480; x_wconf 78' lang='lat' dir='ltr'>habet:</span> <span class='ocrx_word' id='word_1_213' title='bbox 522 2435 595 2494; x_wconf 91' lang='lat' dir='ltr'>ego,</span> <span class='ocrx_word' id='word_1_214' title='bbox 619 2421 670 2496; x_wconf 91' lang='lat' dir='ltr'>qui</span> <span class='ocrx_word' id='word_1_215' title='bbox 691 2421 730 2479; x_wconf 89' lang='lat' dir='ltr'>de</span> <span class='ocrx_word' id='word_1_216' title='bbox 751 2419 802 2478; x_wconf 91' lang='lat' dir='ltr'>illo</span> <span class='ocrx_word' id='word_1_217' title='bbox 817 2419 1010 2493; x_wconf 87' lang='lat' dir='ltr'>triumphavi,</span> 
     </span>
     <span class='ocr_line' id='line_1_28' title="bbox 36 2497 1090 2579; baseline 0.003 -22"><span class='ocrx_word' id='word_1_218' title='bbox 36 2497 68 2558; x_wconf 87' lang='lat' dir='ltr'>ab</span> <span class='ocrx_word' id='word_1_219' title='bbox 86 2503 211 2563; x_wconf 85' lang='lat' dir='ltr'>alterius</span> <span class='ocrx_word' id='word_1_220' title='bbox 233 2505 340 2564; x_wconf 88' lang='lat' dir='ltr'>iuuere</span> <span class='ocrx_word' id='word_1_221' title='bbox 355 2503 409 2562; x_wconf 90' lang='lat' dir='ltr'>filii</span> <span class='ocrx_word' id='word_1_222' title='bbox 432 2519 554 2563; x_wconf 86' lang='lat' dir='ltr'>currum</span> <span class='ocrx_word' id='word_1_223' title='bbox 568 2499 602 2542; x_wconf 83' lang='grc'>**</span> <span class='ocrx_word' id='word_1_224' title='bbox 616 2520 655 2563; x_wconf 90' lang='lat' dir='ltr'>ex</span> <span class='ocrx_word' id='word_1_225' title='bbox 671 2503 820 2579; x_wconf 84' lang='lat' dir='ltr'>Capitolio</span> <span class='ocrx_word' id='word_1_226' title='bbox 837 2517 935 2576; x_wconf 88' lang='lat' dir='ltr'>prope</span> <span class='ocrx_word' id='word_1_227' title='bbox 949 2500 1010 2560; x_wconf 88' lang='lat' dir='ltr'>iam</span> <span class='ocrx_word' id='word_1_228' title='bbox 1086 2505 1090 2511; x_wconf 88' lang='lat'><em>&#39;</em></span> 
     </span>
     <span class='ocr_line' id='line_1_29' title="bbox 39 2586 1011 2662; baseline 0.004 -22"><span class='ocrx_word' id='word_1_229' title='bbox 39 2587 233 2660; x_wconf 78' lang='lat' dir='ltr'>exspirantem</span> <span class='ocrx_word' id='word_1_230' title='bbox 245 2587 333 2655; x_wconf 90' lang='lat' dir='ltr'>veni;</span> <span class='ocrx_word' id='word_1_231' title='bbox 356 2603 457 2662; x_wconf 90' lang='lat' dir='ltr'>neque</span> <span class='ocrx_word' id='word_1_232' title='bbox 472 2593 606 2647; x_wconf 77' lang='lat' dir='ltr'>extante</span> <span class='ocrx_word' id='word_1_233' title='bbox 621 2589 715 2661; x_wconf 88' lang='lat' dir='ltr'>stirpe</span> <span class='ocrx_word' id='word_1_234' title='bbox 725 2586 854 2645; x_wconf 90' lang='lat' dir='ltr'>liberum</span> <span class='ocrx_word' id='word_1_235' title='bbox 866 2591 1011 2659; x_wconf 89' lang='lat' dir='ltr'>superest</span> 
     </span>
     <span class='ocr_line' id='line_1_30' title="bbox 36 2668 1010 2742; baseline -0.002 -16"><span class='ocrx_word' id='word_1_236' title='bbox 36 2668 79 2740; x_wconf 92' lang='lat' dir='ltr'>qui</span> <span class='ocrx_word' id='word_1_237' title='bbox 92 2670 123 2731; x_wconf 91' lang='lat' dir='ltr'>L.</span> <span class='ocrx_word' id='word_1_238' title='bbox 138 2669 264 2730; x_wconf 85' lang='lat' dir='ltr'>Aemilii</span> <span class='ocrx_word' id='word_1_239' title='bbox 276 2669 362 2730; x_wconf 85' lang='lat' dir='ltr'>Pauli</span> <span class='ocrx_word' id='word_1_240' title='bbox 377 2686 489 2730; x_wconf 86' lang='lat' dir='ltr'>nornen</span> <span class='ocrx_word' id='word_1_241' title='bbox 504 2672 588 2731; x_wconf 84' lang='lat' dir='ltr'>terat.</span> <span class='ocrx_word' id='word_1_242' title='bbox 613 2671 692 2731; x_wconf 89' lang='lat' dir='ltr'>duos</span> <span class='ocrx_word' id='word_1_243' title='bbox 707 2668 787 2728; x_wconf 90' lang='lat' dir='ltr'>enim</span> <span class='ocrx_word' id='word_1_244' title='bbox 801 2674 955 2742; x_wconf 85' lang='lat' dir='ltr'>tamquam</span> <span class='ocrx_word' id='word_1_245' title='bbox 971 2682 1010 2724; x_wconf 91' lang='lat' dir='ltr'>ex</span> 
     </span>
     <span class='ocr_line' id='line_1_31' title="bbox 36 2748 1011 2830; baseline 0 -22"><span class='ocrx_word' id='word_1_246' title='bbox 36 2765 135 2826; x_wconf 87' lang='lat' dir='ltr'>magna</span> <span class='ocrx_word' id='word_1_247' title='bbox 156 2751 308 2830; x_wconf 90' lang='lat' dir='ltr'>progenie</span> <span class='ocrx_word' id='word_1_248' title='bbox 327 2754 492 2814; x_wconf 88' lang='lat' dir='ltr'>liberorum</span> <span class='ocrx_word' id='word_1_249' title='bbox 508 2753 538 2813; x_wconf 90' lang='lat' dir='ltr'>iu</span> <span class='ocrx_word' id='word_1_250' title='bbox 553 2753 749 2828; x_wconf 88' lang='lat' dir='ltr'>adoptionem</span> <span class='ocrx_word' id='word_1_251' title='bbox 765 2751 854 2810; x_wconf 89' lang='lat' dir='ltr'>datos</span> <span class='ocrx_word' id='word_1_252' title='bbox 871 2748 1011 2810; x_wconf 81' lang='lat' dir='ltr'>Cornelia</span> 
     </span>
     <span class='ocr_line' id='line_1_32' title="bbox 36 2835 1008 2912; baseline 0.001 -21"><span class='ocrx_word' id='word_1_253' title='bbox 36 2841 61 2893; x_wconf 89' lang='lat' dir='ltr'>et</span> <span class='ocrx_word' id='word_1_254' title='bbox 70 2835 161 2897; x_wconf 87' lang='lat' dir='ltr'>Fabia</span> <span class='ocrx_word' id='word_1_255' title='bbox 177 2853 255 2912; x_wconf 89' lang='lat' dir='ltr'>gens</span> <span class='ocrx_word' id='word_1_256' title='bbox 270 2836 398 2896; x_wconf 72' lang='lat' dir='ltr'>babenb</span> <span class='ocrx_word' id='word_1_257' title='bbox 420 2837 504 2897; x_wconf 88' lang='lat' dir='ltr'>Pauli</span> <span class='ocrx_word' id='word_1_258' title='bbox 518 2837 549 2896; x_wconf 93' lang='lat' dir='ltr'>in</span> <span class='ocrx_word' id='word_1_259' title='bbox 564 2837 656 2897; x_wconf 90' lang='lat' dir='ltr'>domo</span> <span class='ocrx_word' id='word_1_260' title='bbox 669 2841 789 2910; x_wconf 89' lang='lat' dir='ltr'>praeter</span> <span class='ocrx_word' id='word_1_261' title='bbox 801 2849 905 2893; x_wconf 89' lang='lat' dir='ltr'>senem</span> <span class='ocrx_word' id='word_1_262' title='bbox 918 2848 1008 2893; x_wconf 87' lang='lat' dir='ltr'>nemo</span> 
     </span>
     <span class='ocr_line' id='line_1_33' title="bbox 36 2916 1009 2993; baseline 0.002 -18"><span class='ocrx_word' id='word_1_263' title='bbox 36 2930 177 2993; x_wconf 88' lang='lat' dir='ltr'>superest.</span> <span class='ocrx_word' id='word_1_264' title='bbox 202 2921 260 2980; x_wconf 90' lang='lat' dir='ltr'>sed</span> <span class='ocrx_word' id='word_1_265' title='bbox 280 2920 361 2980; x_wconf 92' lang='lat' dir='ltr'>hanc</span> <span class='ocrx_word' id='word_1_266' title='bbox 383 2921 502 2980; x_wconf 87' lang='lat' dir='ltr'>cladem</span> <span class='ocrx_word' id='word_1_267' title='bbox 523 2921 633 2980; x_wconf 89' lang='lat' dir='ltr'>domus</span> <span class='ocrx_word' id='word_1_268' title='bbox 653 2934 741 2979; x_wconf 91' lang='lat' dir='ltr'>meae</span> <span class='ocrx_word' id='word_1_269' title='bbox 761 2924 865 2978; x_wconf 87' lang='lat' dir='ltr'>vestra</span> <span class='ocrx_word' id='word_1_270' title='bbox 880 2916 1009 2978; x_wconf 83' lang='lat' dir='ltr'>felicitas</span> 
     </span>
     <span class='ocr_line' id='line_1_34' title="bbox 36 3001 1007 3079; baseline 0.002 -21"><span class='ocrx_word' id='word_1_271' title='bbox 36 3007 60 3060; x_wconf 88' lang='lat' dir='ltr'>et</span> <span class='ocrx_word' id='word_1_272' title='bbox 72 3006 209 3065; x_wconf 87' lang='lat' dir='ltr'>secunda</span> <span class='ocrx_word' id='word_1_273' title='bbox 224 3005 347 3065; x_wconf 84' lang='lat' dir='ltr'>fortuna</span> <span class='ocrx_word' id='word_1_274' title='bbox 362 3004 485 3079; x_wconf 90' lang='lat' dir='ltr'>publica</span> <span class='ocrx_word' id='word_1_275' title='bbox 501 3006 708 3064; x_wconf 87' lang='lat' dir='ltr'>consolatur.“</span> <span class='ocrx_word' id='word_1_276' title='bbox 728 3001 817 3062; x_wconf 91' lang='lat' dir='ltr'>XLll.</span> <span class='ocrx_word' id='word_1_277' title='bbox 832 3002 909 3061; x_wconf 86' lang='lat' dir='ltr'>haec</span> <span class='ocrx_word' id='word_1_278' title='bbox 924 3007 1007 3061; x_wconf 87' lang='lat' dir='ltr'>tanto</span> 
     </span>
     <span class='ocr_line' id='line_1_35' title="bbox 36 3083 1008 3162; baseline 0 -21"><span class='ocrx_word' id='word_1_279' title='bbox 36 3084 105 3147; x_wconf 87' lang='lat' dir='ltr'>dicta</span> <span class='ocrx_word' id='word_1_280' title='bbox 120 3090 222 3148; x_wconf 91' lang='lat' dir='ltr'>animo</span> <span class='ocrx_word' id='word_1_281' title='bbox 237 3089 335 3162; x_wconf 83' lang='lat' dir='ltr'>magis</span> <span class='ocrx_word' id='word_1_282' title='bbox 352 3087 520 3148; x_wconf 86' lang='lat' dir='ltr'>conludere</span> <span class='ocrx_word' id='word_1_283' title='bbox 535 3087 720 3147; x_wconf 87' lang='lat' dir='ltr'>audientium</span> <span class='ocrx_word' id='word_1_284' title='bbox 732 3085 860 3160; x_wconf 78' lang='lat' dir='ltr'>animoS,</span> <span class='ocrx_word' id='word_1_285' title='bbox 877 3083 1008 3160; x_wconf 89' lang='lat' dir='ltr'>quamsi</span> 
     </span>
     <span class='ocr_line' id='line_1_36' title="bbox 35 3169 921 3232; baseline -0.001 -6"><span class='ocrx_word' id='word_1_286' title='bbox 35 3169 237 3232; x_wconf 89' lang='lat' dir='ltr'>miserabiliter</span> <span class='ocrx_word' id='word_1_287' title='bbox 252 3172 414 3232; x_wconf 87' lang='lat' dir='ltr'>orbitatem</span> <span class='ocrx_word' id='word_1_288' title='bbox 428 3187 516 3232; x_wconf 86' lang='lat' dir='ltr'>suam</span> <span class='ocrx_word' id='word_1_289' title='bbox 532 3169 676 3230; x_wconf 87' lang='lat' dir='ltr'>deflendo</span> <span class='ocrx_word' id='word_1_290' title='bbox 692 3171 814 3230; x_wconf 88' lang='lat' dir='ltr'>locutus</span> <span class='ocrx_word' id='word_1_291' title='bbox 829 3177 921 3229; x_wconf 89' lang='lat' dir='ltr'>esset.</span> 
     </span>
    </p>

    <p class='ocr_par' dir='ltr' id='par_1_3' title="bbox 35 3251 1006 3496">
     <span class='ocr_line' id='line_1_37' title="bbox 110 3251 1005 3326; baseline -0.012 -10"><span class='ocrx_word' id='word_1_292' title='bbox 110 3257 160 3316; x_wconf 88' lang='lat' dir='ltr'>Cn.</span> <span class='ocrx_word' id='word_1_293' title='bbox 184 3255 328 3316; x_wconf 86' lang='lat' dir='ltr'>Octavius</span> <span class='ocrx_word' id='word_1_294' title='bbox 351 3254 488 3315; x_wconf 88' lang='lat' dir='ltr'>calendis</span> <span class='ocrx_word' id='word_1_295' title='bbox 509 3253 729 3314; x_wconf 87' lang='lat' dir='ltr'>Decembribus</span> <span class='ocrx_word' id='word_1_296' title='bbox 751 3254 790 3313; x_wconf 89' lang='lat' dir='ltr'>de</span> <span class='ocrx_word' id='word_1_297' title='bbox 803 3268 876 3326; x_wconf 85' lang='lat' dir='ltr'>rege</span> <span class='ocrx_word' id='word_1_298' title='bbox 890 3251 1005 3308; x_wconf 88' lang='lat' dir='ltr'>Perseo</span> 
     </span>
     <span class='ocr_line' id='line_1_38' title="bbox 35 3328 1006 3424; baseline -0.006 -32"><span class='ocrx_word' id='word_1_299' title='bbox 35 3339 162 3398; x_wconf 88' lang='lat' dir='ltr'>navalem</span> <span class='ocrx_word' id='word_1_300' title='bbox 184 3339 371 3415; x_wconf 90' lang='lat' dir='ltr'>triumphum</span> <span class='ocrx_word' id='word_1_301' title='bbox 392 3339 463 3412; x_wconf 87' lang='lat' dir='ltr'>egit.</span> <span class='ocrx_word' id='word_1_302' title='bbox 487 3338 513 3396; x_wconf 93' lang='lat' dir='ltr'>is</span> <span class='ocrx_word' id='word_1_303' title='bbox 531 3337 701 3411; x_wconf 88' lang='lat' dir='ltr'>triumphus</span> <span class='ocrx_word' id='word_1_304' title='bbox 716 3337 783 3396; x_wconf 91' lang='lat' dir='ltr'>sine</span> <span class='ocrx_word' id='word_1_305' title='bbox 798 3332 926 3407; x_wconf 87' lang='lat' dir='ltr'>captivis</span> <span class='ocrx_word' id='word_1_306' title='bbox 944 3328 1006 3424; x_wconf 79' lang='lat' dir='ltr'>luit,</span> 
     </span>
     <span class='ocr_line' id='line_1_39' title="bbox 35 3416 1005 3496; baseline -0.004 -21"><span class='ocrx_word' id='word_1_307' title='bbox 35 3416 93 3480; x_wconf 88' lang='lat' dir='ltr'>sine</span> <span class='ocrx_word' id='word_1_308' title='bbox 113 3424 229 3496; x_wconf 90' lang='lat' dir='ltr'>spoliis.</span> <span class='ocrx_word' id='word_1_309' title='bbox 252 3423 336 3482; x_wconf 87' lang='lat' dir='ltr'>dedit</span> <span class='ocrx_word' id='word_1_310' title='bbox 357 3422 452 3483; x_wconf 91' lang='lat' dir='ltr'>sociis</span> <span class='ocrx_word' id='word_1_311' title='bbox 474 3421 635 3480; x_wconf 89' lang='lat' dir='ltr'>navalibus</span> <span class='ocrx_word' id='word_1_312' title='bbox 658 3421 687 3477; x_wconf 91' lang='lat' dir='ltr'>in</span> <span class='ocrx_word' id='word_1_313' title='bbox 709 3418 847 3490; x_wconf 83' lang='lat' dir='ltr'>singulos</span> <span class='ocrx_word' id='word_1_314' title='bbox 863 3416 1005 3474; x_wconf 72' lang='lat' dir='ltr'>denarios</span> 
     </span>
    </p>
   </div>
   <div class='ocr_carea' id='block_1_3' title="bbox 0 0 1188 3858">
    <p class='ocr_par' dir='ltr' id='par_1_4' title="bbox 0 0 1188 3858">
     <span class='ocr_line' id='line_1_40' title="bbox 0 0 1188 3858; baseline 0 3"><span class='ocrx_word' id='word_1_315' title='bbox 0 0 1188 3858; x_wconf 95' lang='lat' dir='ltr'> </span> 
     </span>
    </p>
   </div>
  </div>
 </body>
</html>
