2328 3870
185 221 248 286 ttt
345 220 561 282 amanum.
581 219 664 280 cnr.
681 225 724 282 n.
737 226 779 281 ra.
803 225 840 292 n.
854 223 923 276 na.
936 222 998 289 sau

183 373 322 448 trahique
337 371 434 445 magis
451 386 543 446 quam
557 369 649 430 vellet
663 368 692 429 in
709 383 840 430 arcanos
855 383 1013 429 sermones
1027 374 1070 428 est
1082 382 1136 428 coc·

182 465 264 532 ptus.
289 453 451 529 promissis
474 453 554 512 enim
574 453 749 528 ingentibus
770 451 916 527 praemiis
938 456 1040 526 petere
1053 451 1137 510 institit
1161 527 1162 530 Ἴ

183 540 220 600 ab
242 554 279 599 eo
300 554 373 611 rex,
396 535 541 611 quoniam
561 536 659 596 duces
672 551 782 598 cnrnes
795 535 950 610 legatique
964 535 1084 594 Romani
1096 533 1136 594 hc·

163 653 167 661 .
183 624 273 698 spitio
290 621 356 682 eius
371 621 415 683 uti
430 621 630 693 adsuessent,
655 619 767 694 quibus
782 634 887 680 eurum
902 619 972 692 ipse
987 617 1137 692 scripsisset

183 714 217 768 ut
230 721 381 765 venenum
402 704 538 764 dandum
553 711 683 764 curaret.
712 703 799 763 cuius
814 702 894 762 scite
909 717 945 761 se
961 699 1136 774 comparatio·

183 805 251 850 nem
272 787 435 862 plurimum
456 786 643 848 dilfictdtatis
664 793 694 845 et
714 785 844 862 periculi
863 785 994 846 haltere:
1024 783 1136 858 pruritu

184 871 318 951 consciis
333 871 515 945 comparari,
537 875 649 932 eventu
663 876 823 945 praeterea
838 869 955 929 incerto
971 879 1048 940 esse,
1061 875 1091 928 ut
1100 873 1137 926 cut

183 955 259 1014 satis
274 953 415 1016 efficacia
429 954 548 1014 adrem
563 954 772 1028 peragendam
784 961 836 1013 aut
849 960 914 1012 tuta
927 952 969 1012 ad
988 966 1049 1010 rem
1060 951 1136 1012 celan·

184 1039 254 1098 dam
276 1037 396 1098 dentur.
422 1052 458 1098 se
479 1039 620 1102 daturum
642 1037 727 1113 quod
748 1051 806 1096 nec
826 1035 857 1094 in
871 1036 976 1096 dando
991 1049 1046 1094 nec
1059 1035 1137 1094 datun

182 1123 246 1182 ullo
268 1121 356 1195 signo
378 1121 526 1196 deprendi
547 1129 665 1194 posset.
692 1117 850 1180 Rammius
867 1120 991 1191 veritus,
1014 1133 1050 1176 ne
1066 1115 1136 1176 sian

183 1205 311 1278 nuisset,
327 1204 444 1280 primus
455 1205 524 1280 ipse
533 1205 645 1264 veneni
657 1201 896 1279 experimentum
910 1209 1003 1275 essct,
1017 1203 1136 1266 tactum

184 1287 338 1363 pollicitus
353 1288 567 1362 proficiscitur.
589 1303 647 1347 nec
661 1285 858 1348 Brundisium
873 1294 944 1347 ante
959 1284 1056 1345 redire
1070 1297 1137 1358 quan

185 1378 336 1432 convento
352 1370 383 1430 G.
398 1371 524 1430 Valerio
540 1371 655 1446 legato,
680 1368 733 1446 qui
747 1370 831 1430 circa
845 1369 1020 1431 Chalcidem
1034 1383 1095 1428 esse
1106 1361 1137 1424 ti·

185 1453 318 1525 cebatur,
335 1454 441 1512 voluit.
463 1453 588 1514 adeum
604 1453 733 1528 primum
745 1453 858 1514 indicio
871 1453 984 1526 delato,
1000 1447 1136 1511 iussueius

183 1536 313 1596 Romam
333 1535 422 1596 simul
446 1536 539 1596 venit.
573 1536 765 1598 introductus
786 1540 817 1597 in
841 1538 973 1610 curiam,
1000 1549 1073 1609 quau
1090 1537 1138 1590 attt

184 1625 285 1690 erant,
308 1620 462 1694 exposuit.
902 1688 905 1694 ¹

268 1701 376 1762 XVlll.
390 1703 474 1762 anc
489 1703 529 1764 ud
544 1718 582 1762 ea
598 1719 679 1778 quae
694 1705 733 1764 ab
748 1704 884 1764 Eumene
901 1705 1002 1765 delata
1017 1707 1093 1770 urant
1102 1711 1137 1756 ac·

185 1800 319 1858 cessere,
336 1803 397 1862 quc
413 1788 559 1848 maturius
574 1787 673 1848 hostis
689 1787 821 1848 Perseus
836 1787 1031 1860 iudicaretur,
1048 1783 1137 1860 quippe

186 1885 274 1944 quem
291 1884 351 1930 uon
366 1871 476 1930 iustum
491 1873 583 1932 modo
597 1886 750 1945 apparare
760 1871 872 1932 bellum
884 1872 973 1946 regin
983 1870 1085 1940 animo,
1097 1859 1137 1924 sel

186 1967 241 2030 per
262 1953 363 2014 omniu
384 1953 576 2015 clandestina
594 1955 731 2030 grassari
751 1954 870 2015 scelera
886 1953 1101 2016 latrociniorum
1111 1959 1137 2005 ac

188 2035 402 2097 veneficiorum
420 2039 593 2099 comebant.
614 2036 686 2098 belli
697 2037 917 2101 administratio
928 2037 1136 2100 adncvoscon

186 2121 268 2178 sulas
284 2119 396 2180 reiecta
411 2127 473 2180 est=
495 2119 525 2179 in
541 2123 715 2196 praesentia
730 2130 829 2183 temen
846 2123 898 2182 Cn.
916 2121 1059 2183 Sicinium
1072 2129 1136 2194 pits

186 2209 295 2274 turem,
325 2203 412 2262 cuius
434 2203 512 2264 inter
533 2206 616 2264 cives
639 2213 669 2265 et
695 2207 874 2280 peregrinos
894 2203 1061 2268 iurisdictio
1074 2203 1137 2269 erui

186 2283 322 2342 scribere
336 2284 445 2346 milites
461 2287 583 2362 placuit,
599 2289 651 2362 qui
665 2289 862 2352 Brundisium
876 2291 961 2352 ducti
976 2288 1068 2367 primu
1082 2297 1138 2358 (111⁰-

184 2381 246 2440 que
260 2373 399 2443 tempore
413 2371 607 2445 Apolloniam
623 2373 654 2431 in
668 2372 792 2447 Epimm
805 2374 1006 2436 traicerentur
1016 2372 1055 2434 ad
1067 2381 1136 2430 occu·

182 2451 302 2524 pandas
317 2452 482 2514 maritimas
496 2456 599 2529 urbes,
614 2457 666 2516 ubi
682 2458 801 2530 consul,
825 2459 873 2516 cui
888 2456 1046 2532 provincia
1058 2453 1136 2514 Mace·

183 2532 275 2592 donia
295 2535 487 2610 obvenisset,
511 2539 642 2600 classem
663 2541 820 2614 appellere
840 2547 905 2602 tutc
927 2550 959 2602 et
980 2540 1079 2616 copias
1097 2545 1138 2609 per

131 2639 135 2648 =
183 2618 375 2679 commodmn
391 2636 549 2695 exponere
563 2630 680 2698 posset.
699 2623 853 2687 Eumenes
869 2624 1054 2700 aliquamdiu
1066 2614 1137 2690 Aegi·

183 2714 241 2760 nae
257 2708 393 2767 retentus
408 2704 584 2778 periculosa
598 2715 628 2767 et
641 2707 757 2770 dillicili
769 2709 936 2784 curatione,
952 2725 1020 2770 cum
1032 2704 1138 2782 prinum

183 2789 246 2843 tuto
261 2787 367 2860 potuit,
382 2789 540 2862 prulectus
549 2790 738 2865 Pergamum,
752 2799 875 2866 praeter
885 2793 1044 2868 pristinum
1055 2785 1138 2849 odim

181 2869 296 2927 recenti
311 2869 400 2930 etiam
415 2874 532 2932 scelere
546 2872 649 2933 Persei
666 2875 839 2938 stimulante
853 2893 973 2938 summa
986 2876 1015 2936 vi
1032 2867 1138 2949 parabat

181 2948 302 3044 lrellum.
324 2953 414 3028 legati
434 2971 473 3016 ec
485 2956 525 3015 ab
540 2957 637 3016 Roma
651 2959 854 3034 gratulantes,
878 2961 963 3036 quod
978 2977 996 3020 e
1010 2963 1085 3019 tanto
1098 2964 1136 3026 pt·

181 3035 276 3094 riculo
291 3038 451 3112 evasisset,
466 3048 624 3100 venerunt.
1161 3037 1162 3042 ’

265 3118 336 3180 Cum
357 3121 590 3184 Macedonicum
609 3125 721 3186 tellum
742 3126 772 3186 in
793 3142 907 3188 annum
928 3127 1050 3190 dilatum
1063 3120 1136 3186 esset
1161 3117 1162 3156 ³

181 3201 290 3262 ceteris
311 3206 504 3276 praetoribus
518 3207 579 3266 iam
599 3208 628 3267 in
644 3209 821 3284 provincias
836 3211 985 3286 proiectis
998 3210 1037 3270 M.
1052 3201 1136 3266 tantus

180 3290 210 3342 et
222 3283 274 3358 Sp.
287 3285 455 3362 Lucretius,
471 3289 581 3365 qulbus
592 3291 760 3367 Hispaniae
771 3287 950 3368 provinciae
962 3288 1136 3356 obvenerant

181 3365 340 3440 fatigantes
354 3383 451 3443 saepe
464 3372 543 3432 idem
558 3377 692 3448 petendo
708 3383 861 3452 senatum,
883 3379 1005 3438 tandem
1020 3370 1136 3451 pervice-

181 3456 257 3517 runt,
273 3456 306 3509 ut
321 3453 565 3524 supplementum
579 3457 636 3517 sibi
649 3460 688 3519 ad
701 3460 867 3522 exercitum
878 3461 1001 3522 daretur
1011 3458 1063 3520 tria
1072 3449 1137 3513 milit
