2364 3862
178 214 239 276 too
343 211 758 276 transmutemur.
783 213 865 288 [ao.
880 213 978 288 esar]

176 365 285 425 bellum
299 364 423 424 illatum.
451 370 513 423 tum
526 359 743 437 Aquileienses
765 361 838 421 nihil
853 378 888 423 se
903 363 981 423 ultra
1001 363 1081 424 scire
1095 379 1147 424 nec

175 448 287 508 audere
301 447 463 508 adfirmare
485 461 576 522 quam
596 445 718 520 triginta
731 443 849 507 dierum
870 446 1052 506 trumentum
1068 446 1145 508 militi

174 532 294 606 datum,
308 537 339 592 et
351 531 448 592 duces
464 527 516 604 qui
532 544 571 588 ex
585 529 670 588 ltalia
685 525 793 589 itinera
807 530 838 588 in
854 529 1066 590 Macedoniam
1079 547 1144 590 nos·

174 623 257 690 sent,
281 613 472 690 conquisitos
494 613 716 688 abductosque.
751 611 907 674 enimvero
928 621 1054 675 senatus
1075 613 1144 673 indi-

173 699 259 773 gnari
272 705 388 759 tantum
399 697 557 758 consulem
571 712 690 770 ausum,
706 703 739 757 ut
753 712 841 758 suam
854 697 1045 772 provinciam
1061 697 1144 756 relin-

175 789 295 857 quera,
316 782 347 841 in
369 780 497 841 alienam
517 781 674 853 transiret,
695 780 860 840 exercitum
877 797 958 840 novo
977 780 1144 856 periculoso

174 866 279 925 itinere
299 865 378 926 inter
390 870 511 925 exteras
526 869 632 938 gentes
648 865 789 938 duceret,
808 861 891 924 viam
910 871 955 925 tot
975 863 1144 930 nationibus

173 950 202 1008 in
218 948 334 1008 ltaliam
349 946 489 1023 aperiret.
511 949 679 1008 decernunt
693 948 884 1022 trequentes,
897 952 931 1007 ut
946 946 978 1008 C.
994 945 1144 1022 Sulpicius

172 1038 297 1108 praetor
310 1039 372 1092 tres
387 1048 428 1092 ex
442 1038 551 1092 senatu
565 1030 701 1092 nominet
713 1031 848 1106 legatos,
870 1031 924 1105 qni
937 1046 975 1092 eo
991 1031 1041 1092 die
1057 1031 1142 1106 profi·

174 1114 328 1176 niscantur
341 1131 381 1175 ex
394 1115 485 1190 urbe,
508 1122 538 1176 et
552 1121 697 1190 quantum
721 1115 893 1174 accelerare
901 1123 1054 1189 possent,
1077 1114 1142 1173 Cas-

173 1199 252 1260 sium
267 1200 439 1275 consulem,
460 1199 644 1273 ubicumque
659 1198 711 1272 sit,
733 1206 976 1274 persequentum
1004 1198 1142 1274 nuntient,

173 1299 211 1343 ne
225 1283 337 1345 bellum
358 1299 426 1344 cum
441 1281 503 1344 ulla
517 1290 607 1358 gente
622 1291 757 1356 moveat,
777 1281 836 1342 nisi
854 1298 922 1344 cunr
944 1299 1006 1357 qua
1023 1290 1143 1341 senatus

172 1367 340 1441 gerendum
358 1373 528 1428 censuerat.
557 1366 646 1440 legati
666 1363 698 1425 hi
714 1366 842 1442 proiecti
863 1365 904 1426 tt.
919 1366 1078 1426 Cornelius
1094 1365 1142 1425 Ce-

171 1449 281 1524 thegus
291 1450 330 1508 rt.
338 1449 463 1509 Fulvius
474 1449 507 1509 P.
514 1449 647 1510 Marcius
656 1450 733 1510 Rex.
756 1455 854 1510 metus
868 1449 908 1510 dc
919 1448 1144 1525 consuleretque

172 1533 307 1593 exercitu
321 1531 438 1592 distulit
452 1548 489 1593 eo
504 1541 642 1608 ternpore
656 1533 838 1592 muniendae
853 1532 1012 1610 Aquileiae
1034 1547 1143 1593 curam.

255 1616 291 1674 11.
309 1615 476 1690 Hispaniae
490 1615 601 1676 deinde
611 1615 769 1691 utriusque
783 1616 874 1692 legati
888 1617 1004 1692 aliquot
1018 1619 1144 1694 populo

170 1716 237 1760 rum
250 1700 281 1760 in
296 1706 435 1762 senatum
450 1698 623 1762 introducti.
652 1698 673 1760 ii
695 1700 734 1761 de
751 1699 980 1775 magistratuum
994 1701 1143 1762 Romano·

170 1801 237 1844 rum
252 1783 379 1846 avaritia
400 1782 605 1860 superbiaque
620 1782 796 1858 conquesti,
818 1785 882 1844 nixi
895 1783 1023 1859 genibus
1046 1785 1083 1844 ab
1099 1801 1143 1846 se

173 1875 244 1928 natu
265 1868 430 1944 petierunt,
455 1883 494 1927 ne
514 1883 550 1928 se
569 1868 674 1930 socios
694 1866 815 1930 foedius
830 1867 958 1942 spoliari
977 1867 1146 1943 vexarique

172 1968 264 2026 quam
285 1951 390 2014 hostes
406 1953 567 2028 patiantur.
594 1968 664 2014 cum
682 1959 712 2012 ct
727 1952 785 2012 alia
798 1951 922 2027 indigna
937 1960 1145 2028 quererentur,

170 2036 361 2096 manifestum
373 2043 473 2096 autem
485 2043 568 2096 esset
577 2035 724 2110 pecunias
734 2035 893 2110 canaan.
903 2033 1046 2098 Canuleio
1058 2052 1145 2111 prae·

170 2118 242 2190 tori,
258 2118 310 2193 qui
320 2116 499 2192 Hispaniam
515 2118 639 2179 sortitus
654 2125 734 2192 erat,
747 2121 903 2194 negotium
917 2120 1020 2180 datum
1035 2126 1099 2195 est,
1114 2125 1147 2180 ut

170 2200 201 2259 in
213 2200 365 2274 singulos,
378 2217 397 2260 a
409 2198 520 2276 quibus
531 2200 661 2276 Hispani
672 2203 821 2278 pecunias
832 2209 1018 2279 repeterent,
1033 2203 1146 2279 quinos

169 2283 390 2357 reciperatores
402 2298 442 2344 ex
453 2283 559 2344 ordine
571 2284 725 2346 senatorio
737 2287 831 2362 daret,
845 2294 1055 2364 patronosque
1065 2303 1146 2363 quos

169 2365 282 2427 vellent
295 2367 436 2434 sumendi
450 2374 631 2442 potestatem
647 2371 769 2432 laceret.
799 2371 916 2434 vocaus
930 2371 961 2434 in
975 2371 1092 2432 curiam
1105 2371 1149 2434 le·

169 2450 246 2524 gatis
260 2452 417 2511 recitatum
433 2458 481 2511 est
492 2459 618 2514 senatus
630 2454 817 2528 consultum,
833 2455 972 2532 iussique
985 2455 1150 2517 nominare

170 2539 315 2609 patronos
344 2543 485 2609 quattuor
506 2535 752 2612 nominaverunt,
779 2538 979 2600 mperatum
1001 2538 1148 2600 Catonem
1171 2546 1173 2548 ’

168 2617 199 2674 Ρ.
216 2617 387 2680 Cornelium
402 2618 454 2678 Cn.
470 2619 503 2680 F.
523 2620 698 2695 Scipionem
711 2621 744 2682 L
759 2622 921 2684 Aemilium
931 2622 963 2682 L.
974 2621 1007 2684 H.
1018 2621 1149 2684 Paulum

169 2699 199 2760 C.
213 2699 381 2778 Sulpicium
396 2703 521 2764 Gallum.
545 2719 613 2764 cum
624 2705 664 2766 Μ.
676 2705 783 2766 Titinio
795 2703 940 2780 primum,
957 2707 1009 2782 qui
1022 2713 1151 2782 praetor

168 2787 205 2844 Α.
217 2785 330 2848 Manlio
341 2785 382 2846 Μ.
393 2785 480 2848 Iunio
492 2787 669 2848 consulibus
683 2789 714 2850 in
725 2787 866 2850 citeriora
875 2789 1025 2866 Hispania
1040 2791 1150 2866 tuerat

167 2868 391 2942 reciperatores
406 2877 612 2944 sumpserunt.
634 2871 682 2934 bis
693 2873 870 2948 ampliatus,
885 2873 972 2936 tertio
984 2873 1148 2936 absolutus

168 2956 216 3009 est
229 2965 311 3011 rcus.
334 2951 488 3013 dissensio
499 2952 578 3014 inter
588 2955 716 3018 duarum
728 2956 952 3032 provinciarum
965 2959 1089 3034 legatos
1103 2965 1149 3020 cst

169 3040 250 3093 ortae
279 3035 425 3095 citerioris
446 3035 613 3111 Hispaniae
633 3041 739 3114 populi
756 3041 796 3100 Μ.
812 3040 957 3102 (latonam
981 3050 1012 3102 et
1026 3041 1148 3118 Scipio·

168 3131 252 3189 nem,
273 3117 425 3178 ulterioris
441 3118 474 3179 L.
489 3119 615 3182 Paultrm
632 3130 662 3183 et
677 3123 795 3184 Gallum
809 3122 976 3200 Sulpicium
997 3133 1149 3202 patronos

168 3211 373 3276 sumpserunt.
389 3205 428 3263 ad
439 3204 661 3280 reciperatores
674 3207 797 3268 adducti
812 3224 830 3268 a
844 3207 1036 3270 citerioribus
1047 3226 1149 3286 popu·

167 3284 204 3343 tis
217 3284 251 3344 P.
265 3285 374 3348 Furius
388 3286 507 3362 Philus,
524 3288 562 3347 ab
577 3289 770 3352 ulterioribus
784 3291 824 3354 lli.
838 3291 1005 3354 Maticnm:
1027 3293 1081 3354 ille
1095 3293 1148 3370 Sp.

166 3365 321 3430 Postumio
338 3368 371 3443 Q.
386 3369 487 3431 Mucio
504 3373 681 3442 consulibus
702 3372 831 3436 triennio
846 3381 932 3450 ante,
954 3375 1004 3436 hic
1021 3376 1149 3438 biennio

168 3452 268 3527 prins,
283 3453 316 3512 L.
331 3451 486 3514 Postanrio
501 3453 541 3514 bl.
556 3455 685 3530 Popillio
702 3459 880 3520 consulibus
899 3465 1023 3534 praetor
1038 3461 1149 3520 luerat.
