2328 3870
240 217 353 278 LIBER
366 218 453 278 xttl.
475 219 556 278 CAP.
569 227 613 281 33.
624 229 668 282 34.
692 227 728 294 [a.
741 227 772 280 C.
785 229 847 296 171]
967 223 1027 288 157

68 378 112 433 est
124 369 233 446 deinde,
249 386 288 430 rre
302 387 384 432 novo
398 371 489 445 bello,
511 379 572 432 tam
587 371 762 449 propinquo
777 375 895 447 ltaliae,
917 377 1024 442 ariver-

71 472 116 516 sus
133 471 230 530 regern
243 454 502 530 potentissimum,
524 463 577 516 am
590 456 728 516 tribunos
743 457 869 518 militum
883 459 1026 523 dilectum

66 538 197 598 'hahentes
208 537 396 613 impedirent,
408 545 461 598 aut
471 537 668 613 prohiberent
680 541 848 616 consulem,
859 557 949 617 quem
962 546 1024 606 cui·

69 637 118 696 que
129 622 261 682 ordinem
276 621 429 696 adsignari
443 636 461 680 e
474 635 509 681 re
524 623 645 696 publica
659 630 750 696 esset,
768 640 837 684 eum
852 625 1023 702 adsignare.

68 705 171 779 siquid
193 705 223 764 in
244 720 334 764 eare
359 703 486 764 dubium
510 711 608 780 esset,
635 706 674 766 ad
700 715 840 768 senatum
865 709 1023 772 reicerent.

63 787 182 847 XXXIV.
203 795 369 863 postquam
384 789 492 849 consul
507 803 587 864 quae
600 790 739 851 voluerat
752 790 842 864 dixit,
865 791 919 867 Sp.
934 793 1023 869 Ligu·

7 863 8 878 ¹
66 872 205 931 stious'ex
227 887 266 932 eo
286 886 421 943 nurnero,
448 871 500 946 qui
515 872 652 932 tribunos
668 874 766 948 plebis
782 876 1023 950 appellaverant,

65 955 206 1014 aconsule
221 962 251 1014 et
265 954 303 1014 ab
318 954 447 1014 tribunis
462 953 557 1028 petiit,
577 965 611 1016 ut
626 955 684 1016 sibi
699 958 805 1030 paucis
821 959 860 1018 ad
876 962 1024 1036 populum

7 1085 9 1124 Ξ
65 1053 141 1111 agere
159 1039 273 1098 liceret.
295 1037 448 1113 permissu
468 1038 601 1099 omnium
621 1041 662 1099 ita
682 1042 802 1100 locutus
823 1042 927 1102 lentur.
947 1043 1023 1120 „sp

7 1273 9 1284 r

7 1289 9 1306 l

64 1119 219 1194 Ligustinus
241 1121 339 1182 tribus
359 1121 569 1182 Crustuminae
589 1137 628 1181 ex
644 1121 766 1183 Sabinis
781 1140 850 1184 euru
865 1126 1023 1201 oriundus,

66 1201 184 1276 Quirites.
208 1212 297 1280 pater
316 1204 388 1265 mihi
408 1205 548 1279 iugerum
569 1205 634 1280 agri
654 1206 775 1281 reliquit
789 1214 818 1266 et
833 1222 961 1282 parvum
977 1218 1022 1271 lu·

64 1289 178 1362 guium,
202 1289 233 1348 in
264 1305 325 1364 quo
353 1295 442 1348 natus
464 1289 677 1364 educatusque
696 1305 779 1358 sum;
806 1289 961 1365 hodieque
982 1291 1024 1352 ibi

63 1367 158 1432 habito.
180 1387 250 1432 cum
272 1372 400 1446 primum
416 1371 448 1430 in
463 1377 593 1432 aetatem
607 1373 685 1446 veni,
707 1379 796 1448 pater
808 1373 880 1432 mihi
893 1390 1023 1436 uxorem

63 1453 147 1514 iratris
166 1456 213 1515 sui
234 1455 329 1515 liliam
351 1454 449 1526 dedit,
472 1470 553 1528 quae
574 1471 679 1515 secum
701 1456 774 1516 nihil
791 1456 887 1520 attulit
900 1466 1050 1533 praeter·

63 1534 210 1600 libertatem
221 1538 472 1615 pudicitiamque,
489 1544 519 1597 et
530 1553 597 1597 cum
608 1538 655 1598 his
667 1539 891 1615 secunditatem,
909 1549 1023 1617 quanta

62 1621 145 1681 celin
165 1620 219 1682 diti
242 1623 335 1682 domo
355 1620 429 1680 satis
454 1628 546 1681 esset.
570 1637 627 1681 sex
647 1621 699 1681 fltii
713 1624 820 1697 nobis,
846 1624 926 1684 duae
941 1624 1022 1685 filiae

60 1711 126 1776 sunt,
139 1712 287 1782 utraeque
302 1701 361 1764 iam
376 1712 499 1779 nuptae.
521 1705 574 1765 tilii
591 1712 735 1780 quattuor
749 1714 836 1780 togas
851 1707 955 1767 viriles
970 1707 1020 1766 ha·

61 1783 133 1863 bent,
153 1789 214 1850 duo
236 1788 420 1864 praetextati
436 1794 516 1848 sunt.
538 1789 626 1848 miles
642 1803 710 1847 sum
726 1789 825 1848 iactus
839 1788 870 1847 P.
886 1787 1022 1864 Sulpicio

61 1867 86 1926 t.
98 1872 214 1934 Aurelio
231 1871 422 1933 consulibus.
444 1872 474 1930 in
491 1885 528 1931 eo
544 1871 688 1943 exercitu,
706 1871 799 1946 quiin
810 1871 1022 1932 Macedoniam

61 1961 99 2013 est
110 1961 345 2032 transportatus,
370 1954 525 2016 biennium
538 1955 625 2014 miles
640 1955 800 2028 gregarius
814 1954 857 2015 lui
872 1955 1021 2016 adversus

62 2033 213 2114 Philippum
245 2054 366 2114 regem3
406 2039 493 2099 tertio
527 2054 606 2098 anno
631 2038 748 2098 nautis
774 2053 869 2098 eausa
892 2038 964 2097 mihi
989 2041 1021 2099 T.

61 2116 394 2191 Quinctiusl'lamininus
407 2122 557 2182 decimum
570 2120 707 2182 ordinem
719 2120 868 2182 hastatum
879 2122 1020 2196 adsigna·

61 2202 102 2262 vit.
131 2207 251 2268 devicto
281 2204 421 2281 Philippo
447 2204 733 2280 Macedonibusque
758 2221 826 2266 cunr
851 2206 880 2264 in
905 2206 1021 2267 Italiam

9 2295 10 2324 t
62 2291 154 2358 portati
175 2306 211 2350 ac
234 2289 351 2350 dimissi
374 2304 530 2362 essemuS,
558 2289 702 2350 continuo
722 2279 817 2349 miles'
831 2290 1021 2350 voluntarius

62 2383 117 2430 oum
128 2372 165 2432 m.
185 2373 296 2434 Porcio
317 2371 490 2442 consulein
505 2372 683 2446 Hispaniam
698 2389 766 2432 sum
781 2372 948 2447 proiectus.
969 2388 1021 2431 ne·

63 2453 154 2516 minem
167 2457 304 2518 omnium
315 2455 541 2531 imperatorum,
554 2457 606 2531 qui
618 2457 729 2529 vivant,
742 2455 890 2516 acriorem
901 2455 1021 2516 virtutis

61 2547 251 2610 spectatorem
266 2555 302 2600 ac
318 2540 451 2600 iudicem
466 2539 562 2600 luisse
579 2539 679 2600 sciunt
693 2539 743 2613 qui
758 2546 789 2600 et
801 2539 885 2597 illurn
900 2547 930 2599 et
943 2538 1020 2597 alios

63 2617 140 2682 duces
154 2623 248 2700 longa
258 2623 363 2683 militia
377 2622 496 2698 experti
506 2631 586 2682 sunt.
602 2621 650 2680 hic
662 2637 710 2681 me
720 2622 886 2696 imperator
897 2620 1021 2694 dignum

62 2699 197 2782 iudicarit,
212 2707 263 2768 cui
278 2706 408 2782 primum
422 2707 573 2767 hastatum
589 2703 701 2780 prioris
713 2702 867 2763 centuriae
878 2703 1022 2778 adsigna·

62 2792 105 2846 ret.
130 2792 214 2852 tertio
235 2789 344 2850 iterum
365 2791 554 2850 voluntarius
576 2789 663 2848 miles
684 2788 782 2846 iactus
803 2803 871 2847 sum
896 2786 926 2846 in
952 2801 1021 2848 eurn

63 2872 219 2947 exercitum,
238 2873 291 2948 qui
306 2874 457 2935 adversus
472 2874 600 2934 Aetolos
615 2880 645 2934 et
657 2871 840 2932 Antiochum
856 2886 959 2946 regem
974 2880 1022 2932 est

11 2945 12 2966 ¹
61 2953 168 3018 missus.
190 2976 209 3018 a
228 2958 278 3017 Μ’.
294 2956 394 3018 Acilio
415 2957 487 3018 rnrhi
501 2957 617 3033 primus
631 2958 776 3033 princeps
792 2954 902 3032 prion's
917 2961 1021 3017 centu·

11 3035 12 3038 ’
64 3037 113 3097 n'ae
125 3050 170 3101 est
184 3042 374 3116 adsignatus.
397 3043 530 3116 expulso
545 3056 619 3116 rege
633 3040 794 3116 Antiocho,
811 3039 946 3102 subactis
960 3040 1020 3100 Ae·

11 3139 12 3190 3
61 3120 120 3180 totis
138 3125 283 3202 reportati
304 3141 411 3185 sumus
433 3125 463 3184 in
486 3123 617 3193 ltaliam;
649 3133 680 3185 ct
701 3123 848 3199 deinceps
870 3125 918 3185 bis
942 3136 1021 3200 quae

11 3199 12 3236 l
64 3215 149 3266 annua
171 3209 326 3269 merebant
349 3209 487 3282 legiones
514 3208 668 3283 stipendia
689 3209 756 3268 leci.
788 3207 836 3267 bis
858 3207 969 3268 deinde
990 3205 1019 3264 in

12 3287 13 3348 J
62 3281 193 3362 Hispania
202 3290 336 3368 militavi,
352 3293 448 3353 semel
464 3292 497 3364 Q.
509 3291 615 3352 Fulvio
627 3291 746 3366 Flacco,
762 3293 869 3352 iterum
880 3292 923 3350 Ti.
936 3287 1020 3348 Sem·

64 3374 157 3440 ironia
179 3376 316 3438 Graccho
338 3383 488 3452 praetore.
518 3391 536 3435 a
555 3375 666 3436 Flacco
688 3375 765 3435 inter
780 3382 915 3443 ceteros,
942 3385 1020 3442 quos

62 3452 165 3520 dualis
180 3477 273 3521 causa
287 3475 392 3520 secum
408 3459 446 3519 ad
461 3459 645 3536 triumphum
660 3457 845 3523 deducebat,
868 3453 1020 3512 deductus
