2368 3858
183 207 245 272 Μ
350 207 465 266 LIBER
479 205 569 265 XLV.
585 206 667 266 cAP.
685 215 781 269 1213.
797 213 834 281 [a.
846 213 881 265 U.
894 230 918 266 c.
930 213 990 280 eat]

181 368 257 420 uam
273 357 338 432 regi
350 356 601 431 tamquamsocio
613 364 706 432 atque
717 356 815 416 amico
827 357 971 431 porrexit.
992 355 1139 416 diedciude

181 439 266 502 linita
281 456 350 500 cum
365 439 555 500 excessisset
565 441 708 516 Aegypto
724 440 904 512 Antiochus,
919 440 1017 514 legati,
1031 455 1139 500 concor-

184 525 235 584 dia
249 524 339 584 etiam
355 523 535 584 auctoritate
550 538 608 584 sua
621 524 699 583 inter
712 524 822 584 iratres
837 523 969 596 firmata,
989 523 1064 583 iuter
1076 539 1140 598 quos

180 607 308 668 vixdum
322 612 509 667 convenerat
522 623 593 681 pax,
610 605 745 684 Cyprum
760 606 919 682 navigant,
941 613 973 666 et
985 607 1063 680 inde,
1077 621 1140 679 quae

182 691 241 751 iam
261 690 377 750 vicerat
398 691 516 764 proelio
536 691 707 765 Aegyptias
727 705 840 764 naves,
867 691 998 750 classem
1017 687 1142 749 Antiochi

182 773 341 835 dimittunt.
366 774 449 832 clara
459 788 496 833 ea
508 789 565 848 per
575 780 682 848 gentes
693 775 803 849 legatio
815 774 878 848 luit,
892 772 1062 849 quodhaud
1069 772 1142 832 dubie

181 857 324 931 adempta
347 855 499 917 Antiocho
528 858 691 934 Aegyptus
714 856 838 918 habenti
863 857 923 917 ianr
948 855 1142 930 redditumque

179 939 312 1016 patrium
325 954 454 1014 regnum
468 938 556 1015 stirpi
571 939 736 1000 Ptolemaei
751 942 858 1000 iuerat

266 1022 431 1083 Consulum
454 1023 520 1084 eius
541 1023 612 1084 anni
630 1022 711 1085 sicut
725 1024 850 1084 munus
866 1023 968 1084 olems
984 1023 1142 1084 consulatus

180 1103 293 1182 insigni
316 1105 452 1178 victoria,
469 1106 512 1168 ita
525 1107 650 1168 alterius
665 1107 798 1168 obscura
814 1108 904 1180 lama,
920 1106 995 1182 quia
1007 1105 1143 1165 materian

180 1205 232 1250 res
246 1190 374 1265 gerendi
388 1205 449 1250 non
462 1189 575 1250 habuit.
611 1190 671 1249 iam
692 1189 824 1266 primum
845 1206 916 1250 cum
935 1189 1102 1265 legionibus
1114 1187 1143 1246 ad

181 1273 426 1333 conveniendum
441 1273 522 1333 diem
536 1273 629 1347 dixit,
650 1289 712 1333 nou
734 1274 895 1349 auspicato
910 1274 1057 1348 templum
1070 1272 1144 1330 iutra·

180 1357 233 1417 vit
270 1356 342 1416 vitio
358 1355 439 1415 diem
452 1356 564 1416 dictam
577 1371 649 1416 esse
660 1372 803 1431 augrrres,
826 1372 896 1416 cum
911 1356 952 1416 ad
966 1371 1024 1416 eos
1037 1355 1145 1413 relatum

180 1445 236 1510 est,
252 1438 463 1500 decreverunt.
491 1440 649 1513 proiectus
664 1440 694 1500 in
711 1439 836 1514 Gelliam
849 1440 932 1500 circa
944 1439 1067 1499 Macros
1080 1453 1144 1496 cam

179 1537 239 1597 pos
264 1521 305 1581 ad
330 1528 450 1582 montes
476 1519 651 1582 Siciminam
679 1531 709 1584 et
734 1521 883 1597 Papinum
911 1523 1024 1582 stativa
1051 1519 1145 1592 habuit

181 1604 294 1664 deinde
307 1604 389 1664 circa
403 1604 511 1664 eadem
524 1606 593 1665 loca
609 1622 677 1666 cum
688 1605 783 1667 sociis
797 1606 929 1667 nominis
943 1605 1043 1665 Latini
1064 1603 1143 1662 hiber·

180 1688 290 1748 nabat=
311 1687 451 1762 legtones
471 1689 644 1761 Romanae,
667 1690 752 1764 quod
771 1688 844 1750 vitio
866 1689 934 1749 dies
956 1687 1100 1755 exercitui
1115 1685 1146 1744 ad

181 1771 427 1831 conveniendum
437 1771 519 1831 dicta
533 1779 606 1846 erat,
620 1773 738 1833 Romae
752 1779 936 1832 manserant
959 1778 990 1830 et
1005 1777 1145 1847 praetores

178 1861 302 1930 praeter
320 1855 351 1914 c.
366 1853 520 1930 Papirium
543 1855 726 1928 Carbonem,
750 1855 799 1915 cui
813 1854 956 1916 Sardinia
967 1859 1115 1926 evenerat
1123 1851 1145 1910 in

178 1938 355 2014 provincias
376 1938 448 1998 iere.
482 1938 612 2000 eundem
627 1939 676 1999 ius
691 1939 794 1999 dicere
803 1939 921 1999 Romae
940 1965 984 1980 -
1005 1953 1074 1997 nam
1093 1949 1145 1994 ean

181 2037 307 2096 quoque
322 2029 436 2082 sortem
446 2021 579 2082 habebat
589 2053 632 2066 -
647 2023 725 2083 inter
737 2023 821 2082 olves
833 2020 1052 2097 etperegrinos
1060 2026 1145 2095 patres

180 2111 372 2164 censuerant.

149 2184 153 2190 '
263 2186 340 2245 lllll.
361 2187 399 2245 Et
412 2186 561 2260 Popillius
576 2194 607 2247 et
617 2202 654 2246 ea
675 2189 786 2262 legatio
802 2202 882 2264 quae
896 2187 992 2248 missa
1007 2189 1048 2248 ad
1056 2185 1146 2248 Antic-

180 2269 270 2329 chum
285 2274 357 2341 erat
372 2269 501 2328 Romam
514 2269 619 2330 rediit:
640 2272 755 2331 rettulit
774 2269 1005 2332 controversias
1024 2271 1147 2330 interrc

179 2367 234 2427 ges
260 2351 397 2412 sublatas
423 2366 496 2412 csse
517 2353 747 2428 exercitumque
768 2370 808 2413 ex
827 2355 973 2431 Aegypto
995 2353 1027 2414 in
1042 2352 1147 2431 Syriam

178 2435 346 2495 reductum.
371 2441 442 2510 post
455 2435 594 2512 ipsorum
606 2452 714 2511 regum
730 2438 820 2512 legati
835 2443 999 2510 venerunt,
1021 2433 1146 2496 Antiochi

179 2517 292 2596 [legati]
305 2518 474 2579 relerentes
489 2518 573 2580 omui
584 2521 712 2581 victoria
726 2520 877 2596 potiorem
892 2535 1003 2595 pacem
1017 2519 1090 2594 regi,
1108 2532 1146 2576 se
1173 2559 1176 2566 Δ

178 2601 262 2662 natui
277 2617 357 2676 quae
378 2601 555 2678 placuisset
570 2604 678 2678 visam,
700 2619 831 2679 eumque
850 2604 934 2664 haud
954 2619 1048 2664 secus
1071 2615 1147 2677 quan

178 2686 307 2746 deorum
328 2685 455 2760 imperio
475 2687 645 2761 legatorum
665 2687 874 2748 Romanorum
895 2687 988 2748 iussis
1009 2685 1145 2761 paruisse.

177 2766 317 2843 gratulati
332 2768 444 2828 deinde
458 2768 618 2830 victoriam
634 2777 713 2844 sunt,
735 2785 828 2845 quarn
843 2770 924 2831 omni
939 2785 1016 2843 ope,
1039 2769 1066 2829 si
1086 2764 1146 2842 quid

178 2850 360 2926 imperatum
375 2853 463 2924 toret,
479 2850 651 2912 adiuturum
670 2869 775 2928 regem
789 2853 896 2914 luisse.
931 2851 1094 2914 Ptolemaei
1112 2851 1146 2908 le·
1179 2913 1183 2926 ,

177 2933 239 3008 gati
254 2933 408 2993 communi
423 2933 547 2994 nomine
560 2937 643 3010 regis
658 2944 688 2997 et
702 2937 881 3012 Cleopatrae
892 2937 1005 3012 gratias
1017 2938 1146 3011 agemal:

178 3017 248 3090 plus
261 3029 316 3075 eos
328 3016 447 3075 senatui
460 3019 639 3092 populoque
649 3020 788 3081 Romano
801 3037 891 3096 quam
899 3016 1145 3095 parentibussuis,

178 3100 249 3175 plus
266 3113 356 3173 quam
373 3097 431 3158 diis
445 3098 666 3164 immortalibus
682 3103 810 3177 debere,
832 3119 887 3179 per
902 3119 981 3178 quos
997 3100 1146 3163 obsidione

176 3182 347 3242 miserrima
361 3182 480 3242 liberati
492 3191 605 3260 essent,
620 3201 748 3261 regnum
759 3187 891 3262 patrium
902 3202 1001 3262 prope
1012 3185 1146 3245 amissum

176 3268 363 3341 recepissent.
384 3283 556 3342 responsam
578 3269 617 3328 ab
639 3279 746 3330 senatu
760 3277 809 3332 cst
821 3268 1004 3331 Antiochum
1019 3273 1099 3329 recte
1111 3270 1146 3322 at·

177 3363 239 3422 que
254 3348 362 3409 ordine
380 3350 502 3423 fecisse,
525 3353 610 3426 quod
624 3353 730 3426 legatis
745 3354 913 3428 paruisset,
933 3359 1109 3427 gratumque
1119 3345 1145 3404 id

179 3445 250 3490 esse
265 3431 385 3491 senatui
400 3436 581 3508 populoque
592 3437 746 3496 Romano:
761 3435 885 3511 regibus
899 3437 1041 3512 Aegypti,
1055 3433 1144 3492 Ptole-
