2364 3862
177 221 286 282 LIBER
295 221 399 282 XLlV.
420 222 502 281 CAP.
513 230 558 284 ar.
570 231 614 284 aa.
625 231 669 286 ea.
686 229 722 298 [a
736 230 768 282 c.
784 231 843 298 res]
929 223 993 288 239

50 376 108 436 toris
130 375 265 435 accidens
291 376 321 435 in
347 381 530 450 potestatem
550 389 622 436 sese
643 375 735 435 dedit.
763 376 862 450 primo
881 377 995 440 bonum

51 461 157 519 animum
170 459 279 519 babere
290 459 404 532 iussus,
420 460 459 518 ad
472 475 579 519 cenam
590 459 681 520 etiam
691 459 835 520 invitatus
848 460 877 519 in
888 462 996 523 urbem

51 543 78 601 ud
98 558 163 602 suos
185 542 280 603 rediit
308 549 338 604 et
362 559 431 602 cum
453 552 595 618 praetore
620 559 658 603 eo
683 541 735 602 die
758 542 928 604 honorilice
948 555 996 608 est

49 627 177 700 epulatus,
198 624 309 686 deinde
328 626 358 686 in
375 626 545 686 custodiam
564 626 595 686 (l.
612 626 720 687 Cassio
733 626 856 688 tribuno
870 628 996 690 militum

48 709 164 781 traditus,
182 709 233 767 uix
252 709 430 783 gladiatorio
450 717 578 785 accepto
600 710 706 770 decem
728 711 848 772 talentis
869 712 908 772 ab
922 727 996 788 rege

47 806 96 874 reu,
108 792 177 852 utin
191 807 258 852 eam
271 793 423 853 fortunam
437 793 615 854 reccideret
636 793 754 853 XXXll.
775 795 904 855 Anicius
920 795 995 857 Sco·

47 875 87 934 dra
97 883 211 950 recepta
226 875 298 935 nihil
313 875 400 951 prius
417 893 508 952 quarn
522 877 689 952 requisitos
703 877 853 938 Petillium
866 878 994 955 Perper·
1108 871 1112 878 ’

46 974 153 1034 eamque
171 960 290 1034 legatos
305 960 345 1020 ad
359 975 395 1021 se
409 958 481 1020 duci
494 960 592 1020 iussit.
622 961 734 1035 quibus
754 963 922 1035 splendore
936 980 994 1026 suo

45 1043 156 1103 restituto
169 1042 354 1118 Perpernam
369 1044 523 1118 extempio
537 1042 625 1104 mittit
635 1043 675 1103 ad
686 1044 994 1120 comprehendendos

12 1137 14 1202 p
44 1126 137 1185 amicos
160 1132 371 1201 cognatosque
394 1127 496 1201 regis3
528 1125 582 1202 qui
604 1126 792 1200 Meteonem,
819 1128 995 1190 Labeatium

12 1211 14 1282 l
43 1209 121 1282 gentis
133 1210 252 1284 urbem,
276 1210 434 1284 proiectus
447 1210 585 1270 Etlevam
599 1225 729 1271 uxorem
743 1226 813 1271 eum
833 1211 903 1271 liliis
918 1212 994 1273 duo·

42 1291 99 1364 bus,
113 1293 317 1354 rScerdilaedo
343 1294 561 1368 Pleuratoque,
587 1301 618 1355 et
639 1292 851 1355 Carauantium
872 1295 995 1358 tratrem

43 1373 210 1437 laodamia
226 1382 330 1437 castra
343 1377 480 1438 adduxit
494 1377 623 1438 Anicius
637 1378 718 1439 bello
729 1377 835 1456 Illyrio
849 1378 929 1439 intra
942 1378 994 1440 tri·

12 1459 14 1532 l
42 1459 106 1532 ginta
118 1461 179 1521 dies
192 1461 331 1536 perlecto
352 1460 491 1521 nuntium
504 1459 651 1522 victoriae
668 1461 853 1536 Perpernam
866 1464 994 1530 Romam

12 1557 14 1634 p
42 1543 111 1616 nisit
124 1551 239 1619 etpost
253 1544 320 1606 dies
339 1560 457 1621 paucos
469 1545 608 1606 Gentium
618 1560 723 1622 regem
737 1545 840 1622 ipsum
855 1561 924 1608 cum
939 1563 994 1622 pa·

12 1641 14 1680 ;
41 1633 108 1687 rente
128 1627 258 1704 coniuge
282 1645 319 1690 ac
343 1628 447 1688 tiberis
472 1644 509 1689 ac
533 1629 626 1688 tratre
647 1628 779 1704 aliisque
803 1628 994 1706 principibus

41 1707 193 1787 lllyriorum.
226 1712 288 1772 hoo
312 1729 405 1772 unum
429 1712 541 1772 bellum
567 1713 653 1788 prius
672 1719 881 1788 perpetratum
902 1729 995 1789 quam

41 1800 158 1870 coeptum
171 1797 289 1856 Romae
303 1794 440 1856 auditum
455 1803 511 1856 est.
1083 1858 1085 1863 .

107 1879 217 1952 Quibus
239 1878 350 1940 diebus
369 1879 447 1940 haec
468 1880 653 1956 agebantur,
676 1878 810 1940 Perseus
825 1897 950 1957 quoque
964 1881 995 1940 in

39 1973 126 2035 magno
145 1968 265 2024 terrore
285 1969 350 2023 erat
364 1971 492 2037 propter
506 1962 671 2023 adventurn
684 1960 776 2022 simul
788 1963 909 2024 Aemilii
924 1965 996 2026 novi

40 2046 160 2122 consulis,
176 2062 270 2122 quem
285 2061 355 2108 cum
369 2046 543 2122 ingentibus
558 2045 648 2107 minis
662 2046 829 2110 adventare
843 2047 996 2124 audiebat,

40 2125 108 2188 simul
126 2129 243 2192 Octavii
263 2130 425 2204 praetoris.
447 2147 505 2191 nee
522 2130 623 2190 minus
645 2130 771 2191 terroris
787 2131 922 2192 uolasse
933 2133 996 2194 Ro-

40 2224 107 2273 uana
118 2220 147 2274 et
165 2214 306 2291 periculo
327 2213 495 2274 maritimae
511 2228 584 2274 orae
598 2213 739 2274 hahebat
758 2214 996 2278 Thessalonicae

39 2291 165 2358 Eumenes
186 2305 219 2360 et
232 2297 447 2374 Athenagoras
463 2305 626 2373 praeerant
641 2313 710 2359 oum
724 2314 822 2372 parvo
837 2300 995 2375 praesidio

39 2376 145 2442 duorum
159 2383 276 2444 milium
291 2390 503 2445 caetratorum.
520 2398 558 2443 eo
572 2387 603 2442 et
615 2383 792 2442 Androclen
806 2384 995 2457 praelectum

38 2461 111 2536 mittit,
125 2465 247 2529 iussum
262 2465 320 2526 sub
335 2466 413 2542 ipsis
429 2464 590 2526 navalibus
605 2455 707 2526 castra
721 2464 845 2526 habere.
866 2467 995 2527 Aenean

37 2545 100 2606 mille
114 2551 235 2626 equites
251 2580 294 2594 -
307 2556 449 2625 praeerat
462 2550 554 2610 Meno
567 2549 789 2623 Antigonensis
803 2583 846 2594 -
859 2545 942 2609 misit
956 2549 994 2608 ad
1054 2621 1061 2630 ἱ

38 2633 168 2694 tutandam
188 2633 370 2695 maritimam
391 2648 491 2706 oram,
512 2640 546 2694 ut
567 2647 764 2708 quocumque
784 2631 883 2692 littore
899 2632 996 2707 appli-

39 2714 121 2776 cuisse
140 2735 238 2779 naves
259 2717 393 2778 hostium
413 2717 589 2789 audissent,
611 2715 766 2790 extemplo
781 2715 896 2776 lement
909 2730 996 2791 agre·

38 2795 115 2860 albus
134 2817 237 2878 opem.
267 2802 403 2878 quinque
423 2801 505 2861 milia
518 2801 723 2862 Macedonum
743 2797 839 2860 missa
853 2800 894 2859 ad
907 2815 996 2875 prae

38 2879 128 2944 sidium
141 2886 242 2964 Pythii
257 2891 287 2944 et
299 2885 416 2960 Petrae,
433 2885 544 2961 quibus
559 2881 728 2960 praepositi
743 2890 830 2945 eraut
841 2883 996 2945 Histiaeus

37 2965 237 3044 etheogenes
244 2971 283 3030 'et
294 2969 409 3029 Midon.
425 2968 473 3029 bis
489 2965 635 3043 protectis
650 2967 748 3042 ripam
759 2966 878 3029 munire
887 2967 998 3045 Enipei

38 3043 150 3113 luminis
169 3054 342 3128 adgressus
357 3060 420 3126 est,
442 3054 515 3128 quia
530 3053 615 3112 sicco
630 3052 718 3111 alveo
732 3049 855 3113 transiri
870 3059 997 3128 poterat.

37 3126 90 3193 huic
110 3142 142 3196 ut
161 3139 264 3198 omnis
285 3137 445 3198 multitudo
460 3142 593 3211 vacaret,
614 3134 745 3212 laminae
760 3149 800 3196 ex
813 3136 997 3212 propinquis

37 3215 144 3280 urbibus
165 3228 255 3282 cocta
276 3220 390 3281 cibaria
410 3220 441 3280 in
461 3230 562 3280 castra
575 3219 768 3281 adferebanta
790 3217 878 3280 miles
893 3220 997 3279 iussus

37 3309 66 3356 tt
78 3303 256 3380 propinquis
272 3305 358 3366 silvis
374 3301 507 3378 benigne
1029 3327 1033 3336 ·

12 3475 14 3556 ζ
36 3460 150 3530 XXXlli.
176 3473 332 3546 conterre,
360 3478 517 3548 pestremo
538 3469 628 3548 sequi
648 3485 684 3531 se
706 3467 835 3530 utrarios
851 3463 891 3525 ad
905 3479 997 3531 mare,
1101 3495 1104 3498 -
