2364 3862
151 173 223 237 noa
298 171 413 232 niem
427 171 530 232 rum.
552 172 636 231 cna.
652 178 749 232 rare.
772 175 810 248 [a.
827 176 862 228 υ.
877 193 902 230 a.
916 173 981 246 caat

236 327 381 388 Senatum
395 325 508 385 deinde
522 339 669 384 censores
684 325 839 398 legeruntz
858 322 899 382 lt.
913 322 1066 383 Aemilius
1078 323 1127 383 Le·

151 413 243 489 pidus
263 412 410 487 princeps
431 407 471 467 ab
492 408 588 467 tertiis
603 407 663 466 iam
683 407 992 484 censoribusleotus.
1015 413 1129 481 septem

151 513 170 556 e
189 503 298 554 senatu
318 493 406 552 eiecti
425 499 506 551 sunt
532 492 562 550 in
584 505 682 550 censu
701 489 884 565 accipiendo
900 490 1011 564 populi
1026 488 1129 550 milites

152 595 193 638 ex
202 576 403 638 Macedomm
416 573 562 648 exercitu,
574 575 626 650 qui
639 589 731 650 quam
741 571 829 636 multi
835 573 984 634 abessent
991 571 1031 632 ab
1039 572 1130 648 signis

152 677 265 722 census
280 659 393 730 domat,
409 659 439 718 in
455 659 642 732 provinciam
657 657 824 730 cogebaris
847 671 961 719 causas
971 654 1129 731 stipendiis

151 747 317 804 missorum
337 742 582 817 cognoscebant,
608 749 640 802 et
659 739 749 802 cuius
767 740 907 800 noudum
926 739 1010 801 iusta
1028 739 1128 800 missio

150 829 221 888 visa
233 834 332 896 esset,
354 827 396 884 ita
410 824 622 885 iusiurandum
639 823 805 898 adigebant
824 839 885 896 „cx
898 823 944 886 tui
958 823 1055 886 animi.
1067 839 1130 883 sen-

150 910 253 982 tentia,
274 918 305 968 tu
321 923 361 968 ex
375 908 476 968 edicto
492 908 523 967 G.
540 909 657 970 Claudii
670 908 714 968 Ti.
729 905 907 982 Sempronii
921 921 1090 968 censorum
1105 907 1130 966 in

151 993 342 1069 prouinciam
361 989 574 1052 Macedoniam
594 990 726 1063 redibis,
753 991 839 1066 quod
861 989 929 1052 sine
954 991 1028 1052 dolo
1055 991 1129 1050 malo

152 1079 255 1137 lacere
280 1076 444 1151 patariam
478 1075 559 1135 XVI.
584 1075 615 1136 in
636 1072 789 1150 equitibus
809 1074 1014 1136 recensendis
1041 1074 1130 1134 tristis

92 1228 95 1233 ,
151 1160 317 1221 admodum
332 1176 438 1220 eorum
452 1166 544 1234 atque
554 1175 669 1234 aspera
683 1173 815 1218 censure
828 1157 900 1218 tuit:
915 1157 1019 1222 tnultis
1036 1172 1130 1233 equos

152 1244 340 1304 ademerunt
356 1245 385 1302 in
402 1259 440 1303 ca
452 1258 487 1301 re
502 1259 571 1303 cum
582 1249 756 1318 equestrem
768 1241 908 1304 ordinem
919 1239 1130 1314 offendissent,

152 1326 305 1386 flammam
319 1326 453 1386 invidiae
468 1327 609 1386 adiecere
623 1325 733 1398 edicto,
750 1341 813 1402 quo
824 1325 997 1400 edixerunt,
1012 1340 1054 1384 ne
1067 1326 1130 1400 qus

153 1425 274 1482 comm,
301 1410 354 1484 qui
375 1409 409 1481 Q.
428 1409 538 1468 Fulvio
559 1413 597 1470 A.
616 1409 775 1472 Postumio
798 1408 983 1471 censoribus
1009 1409 1130 1484 publica

151 1491 313 1566 vectigalia
326 1501 381 1551 aut
394 1493 473 1552 ultro
487 1492 600 1552 tributa
614 1492 845 1564 conduxissent,
862 1493 903 1550 ad
913 1491 1037 1552 hastam
1047 1507 1131 1552 suam

151 1575 327 1648 accederet,
349 1576 494 1634 sociusve
514 1582 567 1635 aut
586 1575 697 1636 adfinis
719 1575 786 1637 eius
807 1575 1024 1636 conductionis
1040 1584 1123 1635 esset

152 1673 248 1734 saepe
268 1658 300 1718 id
322 1657 478 1732 querendo
498 1667 620 1718 veteres
642 1659 797 1734 publicani
817 1674 888 1722 curu
901 1659 1068 1734 impetrare
1083 1673 1130 1718 nc-

153 1743 294 1816 quissent
310 1741 348 1802 ab
364 1749 488 1816 senatu,
512 1750 544 1802 ut
563 1742 689 1802 modurn
703 1742 847 1817 potestati
858 1742 1021 1803 censoriae
1037 1741 1131 1816 impo-

152 1833 267 1900 nerent,
283 1827 404 1886 tandem
417 1825 570 1886 tribunum
584 1825 684 1900 plebis
698 1825 730 1885 P.
745 1825 901 1900 Rutilium,
918 1841 958 1886 ex
972 1827 1018 1885 rei
1032 1826 1131 1900 priva-

152 1918 202 1968 tae
217 1908 535 1971 contentioneiratum
550 1909 741 1982 censoribus,
756 1915 919 1984 patronum
932 1925 1048 1970 causae
1060 1925 1131 1968 nan·

153 1992 193 2052 oti
215 2001 295 2057 sunt.
322 1991 461 2052 clientem
485 1992 659 2054 libertinum
678 1992 825 2067 parietem
846 1994 877 2052 iu
897 1991 994 2054 Sacra
1015 1992 1066 2052 via
1081 1993 1130 2052 ad-

154 2089 263 2135 versus
284 2075 378 2134 aedes
402 2074 541 2149 publicas
562 2076 701 2138 demoliri
715 2076 885 2150 iusserant,
908 2076 993 2151 quod
1007 2075 1130 2151 publico
1177 2086 1179 2133 ζ

153 2157 365 2217 inaedificatus
381 2163 475 2216 esset.
490 2159 635 2233 appellati
650 2176 669 2219 a
682 2159 802 2234 privato
817 2159 939 2220 tribuni
959 2175 1030 2220 cum
1045 2175 1130 2235 prae·

153 2248 199 2299 ter
211 2239 355 2299 Rutilium
370 2252 460 2298 nemo
475 2241 691 2315 intercederet,
714 2258 861 2304 censores
881 2244 924 2304 ¹ad
938 2244 1069 2318 pignera
1083 2258 1131 2302 ca·

154 2323 268 2398 pienda
288 2322 450 2394 miserunt,
472 2325 659 2401 multamque
672 2342 728 2402 pro
751 2325 896 2388 contione
910 2326 1033 2402 privato
1048 2327 1131 2386 dixe·

153 2413 234 2465 runt
257 2406 328 2466 hinc
349 2408 544 2468 contentione
566 2415 633 2470 orto
652 2425 724 2469 cum
736 2418 857 2470 veteres
873 2410 1029 2485 publicani
1044 2425 1079 2470 se
1093 2411 1133 2468 ad

153 2489 306 2550 tribunum
321 2490 536 2565 eontulissent,
556 2492 675 2566 rogatio
696 2500 825 2567 repente
840 2494 898 2554 sub
913 2495 1006 2554 unius
1022 2493 1133 2554 tribuni

154 2573 277 2634 nomine
289 2577 505 2650 promulgatur,
522 2592 601 2651 quae
613 2576 736 2658 publica
747 2576 915 2651 vectigalia,
931 2580 1011 2638 ultro
1023 2577 1133 2638 tribute

154 2657 185 2716 C.
202 2657 345 2719 Claudius
367 2667 399 2720 et
410 2661 453 2720 Ti.
471 2659 671 2734 Sempronius
693 2660 865 2734 locassent,
889 2677 927 2722 ea
940 2668 1006 2722 rata
1021 2661 1131 2721 locatio

153 2755 192 2798 ne
207 2750 306 2802 assata
328 2742 366 2803 ab
382 2744 500 2818 integro
515 2745 695 2816 locarentur,
715 2751 746 2804 et
758 2753 792 2806 ut
807 2745 948 2804 omnibus
963 2741 1132 2806 redimendi

152 2831 186 2882 et
205 2824 398 2886 conducendi
417 2827 591 2902 promiscue
612 2828 660 2888 ius
682 2835 774 2894 esset.
804 2828 886 2890 diem
905 2829 944 2888 ad
961 2827 1030 2890 aius
1046 2844 1132 2902 roga·

153 2903 266 2964 tionem
283 2909 413 2970 concilio
428 2910 568 2971 tribunus
582 2909 682 2988 plebis
697 2911 783 2972 dixit.
800 2913 852 2986 qui
863 2920 1032 2988 postquam
1044 2911 1131 2984 venit,

154 2993 187 3046 ut
203 3001 349 3052 censores
369 2993 409 3053 ad
423 2993 665 3055 dissuadendum
680 3002 909 3069 processerunt,
932 2995 1074 3058 Graccho
1089 2995 1131 3052 di-

154 3076 241 3129 cente
262 3071 415 3138 silentium
438 3077 507 3138 luit:
529 3093 596 3138 oum
613 3077 737 3139 Claudio
753 3080 999 3154 obstreperetur,
1011 3080 1132 3140 audien·

153 3152 232 3248 dun·
251 3153 353 3220 lacere
378 3177 564 3238 praeconem
589 3162 687 3225 iussit.
716 3177 753 3222 co
777 3164 856 3224 lacto
878 3172 1040 3224 avocatam
1061 3179 1079 3222 a
1098 3175 1132 3220 se

154 3243 326 3332 contronem
340 3244 480 3309 tribunus
497 3237 623 3323 questu's
640 3254 669 3305 et
683 3247 713 3306 in
729 3247 867 3308 ordinem
882 3263 917 3307 se
930 3255 1079 3320 eoactum,
1094 3259 1132 3305 cx

153 3319 319 3398 CaPluuio,
342 3330 393 3390 ubi
408 3340 473 3392 crat
488 3330 662 3403 concilium,
684 3329 765 3390 abiit.
788 3338 913 3405 postero
930 3332 980 3391 die
994 3333 1131 3406 ingentes

155 3403 299 3466 tumultus
328 3413 417 3474 ciere.
450 3415 483 3475 Ti
510 3413 637 3474 Gracchi
666 3414 795 3487 primurn
820 3414 902 3476 bona
928 3409 1129 3480 consecravit,
