2424 3872
192 225 234 289 oa
333 225 448 286 unua
462 225 593 286 xmnx.
608 221 699 287 ‘ona
714 233 817 312 acas.¹
836 228 1030 305 [coesse]

187 380 283 442 culsis
304 381 444 441 omuibus
465 388 581 440 terrore
599 388 660 442 tam
674 379 805 439 recentis
821 369 1116 452 caedis,'neminem
1130 381 1177 442 hi·

186 480 275 526 scere
287 463 438 524 adversus
450 478 652 524 scansurum.
667 477 781 538 negare
792 463 914 539 Appius
923 477 989 522 rem
999 463 1176 524 evidentem

187 565 245 625 pro
259 547 354 609 dubia
365 544 586 623 'quaerendam
615 547 642 607 si
656 545 695 607 ab
712 561 747 608 se
761 547 883 622 culpam
896 561 1056 607 removere
1071 547 1175 621 vellet,

187 632 387 694 Onomastum
406 638 437 690 el
451 629 655 704 Casandrum,
677 646 734 705 per
755 645 834 706 quos
856 635 925 689 uela
945 643 996 690 res
1011 629 1175 703 diceretur,

186 716 319 777 mitteret
327 715 465 787 Romam,
480 720 514 774 ut
527 729 582 774 eos
599 719 725 774 senatus
737 713 929 790 percunctari
941 720 1057 788 posset.
1075 713 1176 788 primo

187 800 266 860 adeo
284 797 473 873 perturbavit
488 813 526 857 ea
538 813 602 858 vox
615 812 734 872 regern,
757 803 866 857 utnon
882 797 982 871 color,
997 812 1058 857 uon
1073 798 1177 857 vultus

188 882 216 943 ei
237 887 408 950 constaret;
430 881 543 941 deinde
564 883 692 942 collecto
713 881 836 942 lendern
857 880 957 940 animo
977 880 1178 953 Casandrum,

189 966 241 1040 qui
248 965 413 1026 Maroneae
427 963 546 1038 luisset,
562 965 590 1027 si
604 966 710 1040 ulique
720 965 842 1037 vellent,
857 964 1068 1024 remissurum
1084 962 1178 1024 dixit=

191 1049 230 1108 ad
246 1047 445 1110 Onomastum
464 1043 590 1124 quideni
606 1049 681 1124 quid
695 1063 763 1108 eam
775 1063 840 1108 rem
855 1046 1023 1122 pertinere,
1045 1045 1100 1122 qui
1116 1063 1180 1108 non

190 1132 282 1193 modo
301 1131 482 1206 Maroneae,
508 1132 564 1192 sed
591 1147 630 1192 ne
649 1130 679 1191 in
705 1132 831 1206 regione
856 1130 978 1205 quidem
1002 1131 1180 1206 propinqua

189 1215 320 1277 ruissoli
340 1222 371 1276 et
386 1215 532 1291 parcebat
546 1215 644 1290 magis
660 1214 842 1287 Onomasto,
864 1211 1052 1275 honoratiori
1068 1215 1179 1288 amico,

190 1308 221 1360 et
235 1300 366 1360 eundem
380 1299 512 1358 indIcem
528 1298 610 1358 haud
624 1299 717 1373 paulo
733 1299 803 1372 plus
817 1297 955 1371 timebat,
978 1297 1049 1372 quia
1063 1304 1095 1357 el
1110 1297 1180 1374 ipse

190 1397 364 1443 sermonem
387 1397 456 1442 cum
478 1397 516 1442 eo
540 1383 709 1441 contulerat
729 1388 760 1441 et
780 1381 942 1441 multorum
964 1379 1069 1440 talium
1089 1380 1179 1440 mini-

191 1472 287 1525 strmn
303 1470 335 1524 et
350 1464 509 1524 conscium
524 1464 666 1525 habebat.
689 1464 845 1525 Casander
857 1479 990 1540 quoque,
1005 1463 1112 1524 missis
1126 1465 1180 1538 qui

191 1564 247 1623 por
259 1546 385 1623 Epirum
408 1547 448 1606 ad
466 1563 551 1608 marc
572 1555 835 1622 prosequerentur
854 1563 939 1618 eum,
961 1562 1000 1606 ne
1020 1563 1082 1622 qua
1099 1548 1180 1607 iudi-

191 1630 272 1691 cimn
284 1637 449 1704 emanaret,
464 1645 584 1692 veneno
596 1630 730 1692 creditur
741 1631 888 1692 sublatus.
910 1629 1029 1690 XXXV.
1044 1635 1076 1689 ct
1086 1630 1181 1706 legati

191 1712 354 1789 aPhilippi
376 1714 530 1791 colloquio
552 1716 593 1775 ita
615 1714 746 1789 digressi
766 1721 853 1788 sunt,
873 1722 907 1775 ut
923 1729 1048 1789 praese
1065 1715 1183 1775 ferrent

191 1797 265 1858 nibil
280 1812 387 1858 eorum
401 1796 460 1858 sibi
475 1801 614 1873 placere3
636 1806 667 1859 ot
679 1799 839 1874 Philippus
853 1797 975 1857 minime
991 1795 1064 1872 quin
1079 1797 1181 1857 rebel·

192 1881 316 1942 landum
337 1891 422 1944 esset
441 1882 568 1958 dubius,
590 1883 662 1958 quia
682 1889 782 1942 tamen
802 1881 981 1942 immaturae
996 1880 1082 1940 adid
1096 1882 1180 1940 vires

192 1972 286 2039 erant,
296 1966 459 2027 admoram
471 1967 722 2042 interponendam
729 1963 912 2026 Demetrium
923 1964 1072 2025 minorem
1084 1963 1181 2024 lilium

195 2049 311 2110 mittere
324 2050 452 2110 Romam
473 2051 562 2110 simul
578 2050 618 2110 ad
632 2050 793 2126 purganda
807 2049 946 2124 crimina,
967 2048 1056 2108 simul
1072 2048 1113 2107 ad
1128 2048 1182 2107 de-

195 2131 380 2206 precandam
391 2133 468 2191 iram
481 2140 606 2193 senatus
618 2135 730 2208 statuit,
747 2135 822 2194 satis
834 2133 965 2194 credens
975 2131 1077 2207 ipsum
1089 2131 1183 2191 etiam

195 2214 350 2288 iuvenem,
370 2215 454 2291 quod
468 2216 584 2276 Romae
598 2217 693 2277 obses
708 2215 865 2292 specimen
879 2215 991 2277 indolis
1005 2213 1112 2289 regiae
1129 2215 1184 2274 de·

194 2298 306 2367 disset,
332 2296 449 2374 aliquid
470 2301 614 2361 momenti
635 2301 795 2362 lecturum.
826 2301 943 2362 interim
964 2313 1021 2375 per
1041 2295 1184 2372 speciem

193 2378 299 2441 auxilii
309 2381 468 2458 Byzantiis
483 2383 610 2459 terendi,
625 2400 660 2444 re
675 2384 744 2460 ipsa
754 2384 795 2444 ad
805 2391 951 2445 terrorem
960 2379 1076 2456 regulis
1086 2380 1185 2440 Tbra·

194 2480 263 2524 cum
286 2463 470 2526 iniciendum
496 2468 670 2542 proiectus,
696 2467 848 2543 perculsis
868 2468 906 2528 iis
927 2482 988 2527 uno
1011 2464 1129 2540 proelio
1154 2471 1187 2525 et

192 2548 352 2609 Amadoco
367 2549 446 2609 duce
461 2556 550 2624 cepto
566 2549 597 2610 in
611 2549 823 2630 Macedoniam
837 2550 940 2623 rediit,
955 2549 1059 2623 musis
1074 2547 1115 2607 ad
1124 2544 1186 2608 ‘ac-

194 2633 278 2691 colas
294 2630 387 2693 Histri
409 2632 541 2694 fluminis
562 2634 726 2709 barbaros,
748 2640 782 2696 ut
796 2634 827 2693 in
840 2633 955 2694 ltaliam
968 2632 1187 2706 irrumperent,

195 2715 418 2778 sollicitandos.

277 2798 316 2856 Et
328 2799 359 2857 in
373 2798 588 2874 Peloponneso
609 2802 758 2862 adventus
773 2801 980 2861 Romanorum
1000 2800 1186 2872 legatorum,

195 2879 248 2954 qui
269 2896 309 2940 ex
322 2880 504 2942 Macedonia
523 2883 553 2942 in
567 2885 715 2944 Achaiam
736 2883 780 2943 ire
801 2883 879 2944 iussi
893 2887 993 2954 erant,
1016 2886 1187 2955 exspecta-

193 2963 299 3032 batur;
332 2963 483 3024 adversus
509 2983 588 3040 quos
609 2974 642 3027 ut
661 2973 844 3043 praeparato
869 2965 998 3027 consilia
1022 2964 1187 3036 baberent,

193 3047 343 3122 Lycortas
359 3055 484 3123 praetor
499 3050 661 3110 concilium
675 3048 793 3110 indixit.
816 3049 857 3110 ibi
872 3050 912 3110 de
925 3045 1187 3109 Lacedaemoniis

194 3135 310 3190 actum:
332 3145 373 3191 ox
392 3130 532 3193 hostibus
547 3149 602 3193 eos
617 3140 814 3194 accusatores
829 3133 943 3206 laotos,
964 3138 995 3192 et
1008 3129 1188 3206 periculum

194 3227 281 3287 esse,
305 3230 344 3274 ne
357 3215 429 3275 victi
443 3215 540 3290 magis
555 3216 679 3276 timendi
694 3217 808 3289 forent,
831 3229 923 3291 quarn
940 3215 1089 3275 bellantes
1105 3210 1188 3273 luis-

195 3303 272 3357 sent.
294 3298 411 3374 quippe
425 3297 455 3358 in
470 3298 551 3359 bello
566 3299 660 3361 sociis
670 3299 816 3361 Romanis
828 3298 973 3360 Achaeos
987 3313 1081 3358 usosr
1098 3309 1188 3356 nuuc

195 3380 322 3440 eosdem
332 3383 489 3443 Romanos
504 3383 666 3458 aequiores
679 3382 929 3446 Lacedaemoniis
941 3396 1033 3458 quam
1043 3378 1188 3440 Achaeis

194 3477 280 3536 esse,
302 3463 354 3525 nbi
368 3468 469 3526 Areus
490 3467 579 3528 etiarn
594 3473 625 3528 et
639 3466 829 3542 Alcibiades,
851 3464 941 3527 ambo
956 3465 1098 3539 exsules,
1122 3478 1187 3524 suo
