2328 3870
164 185 272 249 LIBER
284 187 370 248 XLII.
393 187 476 248 CAP.
490 196 534 252 to.
548 197 592 253 ut.
604 197 648 254 28·
671 195 708 263 [ι.
721 194 753 248 c.
768 195 829 263 172]
914 190 976 256 151

34 336 192 416 quaomnia,
214 351 293 411 quae
306 338 441 412 populus
454 337 611 400 Romanus
626 339 819 415 imperasset,
838 350 975 416 praesta·

32 431 106 483 turos.
124 427 151 480 et
163 419 295 483 civitates
309 420 545 484 soeiaaadisses
568 429 687 484 eeteros
699 423 774 487 saus
784 423 874 498 fidas,
891 427 975 488 solos

32 504 142 565 Rhodios
155 503 334 564 fluctuantes
349 511 380 564 et
393 504 525 566 imbutos
536 505 641 568 Persei
657 507 794 568 consiliis
808 507 975 570 invenisse.

33 594 148 648 venerant
155 586 265 648 Rhodii
279 587 369 662 legati
385 587 425 648 ad
439 589 660 664 prugandaao,
676 606 755 666 quae
767 592 859 666 vulgo
871 589 976 652 iactari

34 672 61 730 de
70 672 173 732 astute
187 671 340 732 sciebant:
362 677 497 734 osterum
511 680 651 738 senatum
663 673 701 734 iis
716 674 798 750 dari,
820 690 889 736 eum
904 675 976 736 novi

34 755 145 816 consules
157 754 364 829 magistratum
377 754 520 831 inissent,
539 756 663 832 placuit.

92 837 200 898 XXVII.
211 838 289 899 Belli
301 845 480 914 apparatuum
491 855 553 902 non
565 839 767 902 differendum
779 851 975 904 censuerunt

32 921 54 980 0.
63 920 159 982 Ileinio
173 922 308 997 praetori
321 923 476 996 negotium
491 922 589 995 datur,
610 930 699 986 ulex
715 925 872 987 veteribus
888 927 976 1003 quin·

33 1004 193 1079 queremibus
207 1005 239 1064 in
255 1005 418 1066 navalibus
432 1006 550 1069 Romae
564 1006 734 1080 subductis,
751 1025 831 1083 quae
845 1018 976 1085 possent

31 1089 78 1147 usui
98 1103 176 1164 esse,
199 1089 344 1150 reiieemt
363 1097 547 1166 pararetque
568 1105 667 1152 noves
687 1091 917 1166 quinquaginta.
947 1091 975 1154 si

10 1215 11 1220 ι
30 1169 82 1245 quid
97 1171 132 1232 ad
150 1188 219 1233 eum
238 1187 398 1234 numerum
418 1175 604 1248 explendum
624 1174 764 1248 deesset,
786 1175 817 1234 c.
832 1175 975 1237 ltlemmIo

30 1255 134 1329 eolegae
146 1257 176 1316 in
188 1255 322 1317 Siciliam
338 1257 495 1333 scriberet,
510 1264 546 1319 ut
558 1273 614 1318 eas
629 1271 708 1332 quae
721 1256 753 1318 In
765 1256 868 1318 Sicilia
879 1274 975 1319 naves

29 1346 106 1399 essem
125 1340 265 1401 reficeret
288 1347 381 1416 atque
405 1342 579 1417 expediret,
604 1347 639 1402 ut
659 1339 854 1402 Brundisium
876 1342 975 1417 primo

29 1437 123 1497 quoque
140 1431 283 1500 tempore
298 1424 374 1488 mitti
394 1432 532 1500 possent.
563 1425 669 1487 socios
690 1427 817 1486 navales
844 1424 976 1492 libertini

29 1505 115 1567 ordinIs
133 1506 162 1567 in
182 1508 291 1584 viginti
311 1517 343 1570 et
363 1508 501 1584 quinque
521 1524 617 1570 naves
638 1524 679 1570 ex
692 1508 811 1570 civibus
825 1510 974 1571 Romanis

28 1587 50 1646 c.
58 1588 178 1652 licinius·
188 1600 316 1668 praetor
329 1591 466 1654 seribere
479 1592 600 1668 iussus,
626 1591 659 1652 in
674 1594 812 1669 qumque
826 1600 856 1654 et
869 1594 973 1668 viginti

28 1685 105 1742 paren
114 1691 270 1736 numerum
282 1675 335 1736 Gn.
347 1675 482 1737 Sicinius
493 1678 587 1738 sociis
599 1675 777 1752 imperarem
792 1677 874 1736 idem
886 1693 974 1753 prae·

7 1771 8 1774 ¹
28 1759 59 1812 tor
73 1757 194 1831 peditum
215 1766 288 1820 oeto
308 1759 405 1832 milia,
429 1760 670 1837 quadringentos
690 1760 811 1834 equites
826 1760 865 1825 ab
880 1760 975 1821 sociis

26 1835 98 1899 Latini
110 1844 238 1904 nominIs
254 1843 400 1918 exigeret.
421 1843 505 1904 hune
519 1844 643 1906 militem
659 1842 711 1918 qui
724 1841 882 1903 Brundisii
896 1844 973 1904 aeci-

27 1930 89 1994 peret
100 1931 185 2001 atque
198 1928 230 1988 in
246 1925 461 1988 Macedoniam
475 1927 614 1998 mitteret,
633 1927 672 1988 A.
686 1925 797 1988 Atilius
814 1924 974 2001 Serranus,

6 2004 64 2078 ,qni
78 2009 169 2082 pn'ore
190 2027 274 2072 anno
296 2018 421 2086 praetor
441 2012 554 2083 luerat,
583 2009 733 2084 deligitur.
766 2008 819 2070 cn.
842 2008 975 2071 Sicinius

28 2097 120 2161 praetor
133 2095 207 2170 [qui]
222 2101 259 2155 ut
274 2093 442 2156 exereitum
457 2100 596 2171 paratum
611 2093 652 2154 ad
665 2092 868 2157 traiciendum
882 2092 975 2154 haba·

27 2179 68 2244 ret,
85 2174 111 2235 C.
123 2175 252 2254 Popillio
268 2181 386 2242 eonsuli
402 2195 444 2241 ex
456 2178 638 2240 auctoritate
652 2182 781 2240 senatus
794 2175 825 2236 C.
840 2175 975 2239 LieInIus

26 2264 119 2326 pnetor
131 2262 251 2337 sentiit,
273 2269 308 2323 ut
327 2271 357 2322 et
372 2262 525 2336 legionem
540 2261 725 2340 secundam,
749 2277 829 2338 quae
843 2263 976 2325 maxime

27 2345 139 2403 veterana
152 2345 181 2404 in
197 2346 368 2420 LIguribus
378 2353 452 2420 erat,
468 2354 499 2406 et
512 2347 617 2417 socios
628 2344 727 2414 Latini
741 2345 872 2406 nominis
888 2351 975 2423 quat·

25 2428 74 2493 tuor
89 2427 162 2488 milia
182 2430 336 2506 pedilum,
362 2429 511 2492 ducentos
531 2431 654 2506 equites,
676 2428 779 2490 idibus
799 2429 974 2493 Februariis

25 2501 147 2570 andisii
168 2515 283 2575 adesse
303 2513 430 2574 luberet.
459 2513 517 2575 itae
533 2515 635 2578 classe
649 2520 680 2573 et
693 2512 754 2577 hoe
769 2513 906 2575 exercitu
921 2512 974 2571 cn.

25 2585 129 2655 Sicinius
142 2597 333 2672 pnovmeiam
345 2597 558 2658 Macedoniam
574 2596 721 2669 obtinere,
736 2596 836 2658 donee
850 2609 975 2656 sueces-

24 2678 180 2756 sorveniret,
192 2681 309 2755 Iussus,
321 2687 487 2756 prorogato
499 2682 530 2742 in
541 2695 654 2743 annum
665 2679 804 2753 imperio.
816 2693 855 2742 ea
863 2675 974 2753 omnia,

22 2771 84 2828 ¹quae
100 2771 221 2826 senatus
237 2765 371 2838 censuit,
396 2763 524 2840 impigre
538 2765 713 2832 factasunt
737 2761 976 2838 duodequadrae

24 2839 84 2910 tium
94 2847 326 2923 quinqueremes
338 2863 379 2906 ex
389 2848 549 2910 navalibus
561 2847 728 2916 deductam
746 2844 799 2922 qui
810 2846 976 2910 deduceret

26 2935 64 2982 ens
74 2925 270 3004 Brundisium,
292 2932 326 2990 L.
340 2931 468 2992 Porcius
481 2930 608 2995 Licinus
622 2930 836 3007 praepositus:
859 2931 975 2992 duode-

26 3004 66 3066 ιιι]
78 3025 112 3070 ex
132 3013 237 3076 Sieilia
256 3016 380 3076 missae.
401 3015 440 3075 ad
457 3016 639 3079 frumentium
654 3014 747 3086 olassi
763 3015 975 3093 exercituique

25 3097 197 3160 coemendum
218 3098 249 3158 in
269 3098 414 3175 Apuliam
435 3097 666 3174 calabriamque
687 3104 750 3160 tres
771 3098 864 3176 legati
878 3097 975 3172 missi,

25 3167 77 3232 Sex.
93 3177 217 3255 Digitius
237 3183 269 3242 Τ.
291 3181 448 3244 luventius
470 3181 510 3241 M.
533 3182 692 3244 CaeriIIus.
715 3182 871 3246 adomnia
886 3199 961 3260 prae

27 3266 107 3324 tuate
120 3264 171 3323 Cn.
185 3264 318 3326 Sicinius
332 3273 467 3342 praetor,
482 3266 645 3341 paludatus
660 3281 701 3326 ex
714 3265 791 3326 urbe
806 3269 973 3343 proiectus,

26 3333 190 3409 andisium
203 3349 296 3410 venit.

87 3427 212 3494 XXVIII.
227 3433 318 3495 Exitu
328 3447 428 3511 prope
440 3433 510 3494 anni
521 3432 553 3494 G.
564 3431 712 3510 Popillius
725 3431 835 3493 consul
846 3431 975 3490 Romam
