2424 3872
162 204 205 266 46
305 202 419 264 LIBER
434 201 564 264 XXXIX.
589 201 672 264 CAP.
686 209 730 264 49.
743 211 787 264 50.
811 208 846 273 [a.
859 206 893 259 U.
907 224 930 259 c.
944 207 1007 273 569]

162 371 217 416 nes
230 353 449 430 exposcebant.
463 353 658 428 magistratus
670 358 701 412 et
710 352 867 428 principes
879 350 980 426 veriti,
997 366 1143 426 nequem

160 446 275 501 motum
285 436 495 499 misericordia
505 437 677 512 praesentis
687 436 760 497 tanti
773 436 830 495 viri
842 437 964 510 iaceret,
980 450 1048 496 curn
1060 436 1145 496 aiios

161 521 349 584 verecundia
362 521 509 597 pristinae
520 520 686 581 maiestatis
698 520 808 580 coliata
819 519 973 595 praesenti
990 519 1141 595 fortunae,

161 607 238 668 alios
253 605 425 667 recordatio
439 604 603 678 ingentium
610 604 786 664 meritorum
798 610 1016 676 moturaesset,
1031 605 1144 678 procui

160 691 191 750 in
206 694 373 764 conspectu
388 704 456 749 eum
471 693 655 762 statuerunt,
670 686 783 748 deinde
797 687 906 762 raptim
918 701 955 746 ex
968 686 1066 748 oculis
1083 687 1142 748 ho-

160 774 274 834 minum
288 771 502 834 abstraxerunt
516 770 636 832 dicente
651 778 791 847 praetore
802 771 964 832 Dinocrate
975 785 1046 832 esse
1058 786 1145 846 quac

160 854 340 933 pertinentia
355 855 395 916 ad
417 870 566 918 summam
587 854 658 915 belii
679 854 870 931 percunctari
891 869 959 915 cum
980 854 1141 929 magistra·

160 949 208 1001 tus
224 940 346 1000 vellent.
379 940 450 999 inde
465 938 598 999 abducto
619 954 657 1000 co
678 940 708 1000 in
731 939 844 1000 curiam
859 946 890 999 ot
904 944 1013 999 senatu
1027 945 1145 998 vocato
1209 969 1210 976 κ

160 1022 325 1084 consultari
341 1030 491 1099 coeptum.
533 1023 567 1083 L.
589 1021 648 1082 iam
664 1019 946 1098 invesperasccbat,
961 1029 991 1082 et
1001 1037 1062 1083 non
1075 1037 1141 1082 mo·
1209 1023 1210 1026 ’

162 1107 202 1169 do
219 1113 336 1180 cetera,
352 1107 408 1167 sed
423 1121 463 1167 ne
477 1105 507 1166 in
523 1105 693 1182 proximam
705 1106 832 1181 'quidem
854 1113 973 1167 noctem
995 1103 1048 1165 ubi
1063 1105 1143 1166 satis

160 1198 223 1252 tuto
240 1189 689 1266 custodiretur,expediebant.
722 1190 943 1264 obstupuerant
964 1189 1002 1248 ad
1023 1189 1142 1264 magni·

159 1275 294 1335 tudinem
309 1275 455 1350 pristinae
470 1274 537 1335 eius
553 1273 693 1335 fortunae
706 1273 902 1349 uirtutisque,
919 1279 949 1333 et
963 1287 1063 1348 neque
1080 1273 1142 1348 ipsi

160 1358 283 1418 domum
305 1358 443 1433 recipcre
464 1357 696 1419 custodiendum
718 1357 885 1430 audebant,
913 1371 971 1417 nec
997 1357 1143 1430 cuiquam
1209 1405 1210 1410 1

159 1439 211 1500 uni
237 1440 409 1504 custodiam
435 1441 501 1501 cius
527 1441 602 1502 satis
629 1441 805 1502 credebant.
835 1441 1001 1503 admonent
1027 1440 1143 1500 deinde
1208 1463 1210 1522 3

161 1522 285 1599 quidam
300 1538 372 1584 esse
392 1523 568 1586 thesaurum
589 1523 744 1600 publicum
766 1525 823 1586 sub
846 1532 941 1600 terra,
963 1539 1039 1584 saxo
1064 1541 1141 1600 qua·

161 1607 248 1670 drabo
265 1613 413 1682 saeptum,
444 1622 482 1668 co
497 1607 617 1669 vinctus
635 1607 816 1682 demittitur,
838 1615 868 1669 et
886 1624 995 1668 saxum
1017 1608 1142 1682 ingens,
1208 1605 1210 1688 ᾗ

160 1707 221 1767 quo
238 1690 387 1768 operitur,
403 1691 543 1752 machina
558 1692 829 1768 superimpositum
844 1698 900 1752 cst.
930 1693 972 1752 ita
989 1692 1058 1752 loco
1083 1708 1140 1767 pc·
1208 1697 1210 1736 ῑ

158 1775 218 1837 tius
237 1791 326 1851 quam
341 1776 455 1836 homini
470 1777 611 1852 cuiquam
628 1776 811 1838 credendam
828 1775 998 1836 custodiam
1013 1776 1079 1848 mh,
1096 1777 1141 1835 lu-

159 1875 224 1920 cem
239 1860 449 1937 insequentem
467 1867 732 1937 exspectaverunt,
761 1867 887 1936 postero
907 1859 957 1920 dic
977 1859 1142 1920 narrttitudo

160 1943 284 2019 quidem
298 1945 429 2020 integra,
444 1959 560 2006 memor
575 1944 769 2021 pristinorum
782 1943 848 2005 eius
864 1944 893 2002 in
909 1942 1063 2003 civitatem
1077 1958 1142 2003 me-

158 2028 299 2103 ritorum,
316 2028 503 2104 parcendum
516 2043 554 2088 ac
567 2043 625 2103 per
641 2044 709 2088 eum
727 2028 863 2089 remedia
875 2025 1052 2103 quaerenda
1067 2041 1143 2087 csse

158 2111 364 2184 praesentium
379 2112 526 2171 malorum
548 2111 729 2172 censebantz
764 2112 819 2172 scd
836 2110 1016 2172 deiectionis
1032 2117 1140 2172 aucto·
1207 2171 1208 2182 2

158 2207 224 2265 res,
241 2209 370 2268 quorum
385 2193 415 2253 in
429 2209 520 2254 manu
533 2209 584 2254 res
598 2194 721 2270 publica
736 2202 815 2270 erat,
830 2195 860 2254 in
878 2201 998 2256 secreto
1014 2195 1141 2256 consui·
1206 2201 1207 2204 ’

158 2281 257 2338 tantcs
273 2291 380 2337 omnes
401 2276 441 2336 ad
465 2292 572 2338 necem
596 2277 664 2338 eius
689 2279 929 2339 consentiebant
958 2278 1014 2338 sed
1031 2285 1140 2354 utrum
1207 2353 1208 2362 ἵ

158 2365 342 2423 maturarent
356 2376 394 2419 an
412 2358 584 2435 differrent,
603 2361 821 2438 ambigebatur.
850 2362 923 2423 vicit
934 2378 1006 2438 pars
1018 2361 1142 2421 avidior
1207 2373 1208 2378 ’

157 2457 294 2518 poenae,
308 2444 485 2520 missusque
502 2445 553 2521 qui
572 2460 723 2506 venenum
744 2448 844 2507 ferret.
873 2452 1001 2521 accepto
1023 2445 1142 2520 poculo

157 2525 231 2585 nibil
246 2526 329 2586 aliud
342 2529 476 2590 locutum
496 2528 595 2590 ierunt
616 2545 707 2604 quam
729 2530 904 2605 quaesisse,
927 2530 954 2590 si
971 2528 1141 2589 incolumis

156 2609 307 2688 Lycortas
325 2645 363 2657 -
379 2611 406 2672 is
420 2613 497 2673 alter
513 2612 678 2688 imperator
698 2612 892 2674 Achaeorum
915 2619 981 2673 erat
994 2646 1037 2658 -
1052 2614 1140 2687 cqui-

156 2699 266 2769 tesque
279 2694 462 2757 evasissent
491 2705 654 2772 postquam
670 2696 781 2758 dictum
801 2704 849 2758 cst
872 2697 1041 2759 incolumes
1056 2711 1142 2772 esse,

157 2775 256 2848 „benc
270 2777 381 2840 habet“
395 2779 507 2854 inquit,
529 2788 559 2840 et
579 2784 691 2856 pocuic
711 2779 867 2856 impavide
888 2779 1039 2842 exhausto
1054 2779 1140 2840 haud

156 2859 197 2919 ita
209 2861 303 2920 multo
319 2869 390 2936 post
405 2863 581 2937 exspiravit.
609 2881 670 2925 non
683 2864 857 2925 dictamum
867 2864 973 2924 mortis
984 2863 1051 2924 eius
1063 2879 1141 2938 gau-

156 2942 240 3002 dium
255 2944 431 3006 auctoribus
447 2947 633 3008 crudelitatis
649 2948 713 3009 fuit.
743 2947 825 3010 victa
845 2963 978 3024 namque
992 2947 1141 3008 Messene

156 3026 236 3087 beito
249 3029 488 3104 exposcentibus
499 3030 633 3092 Achaeis
646 3032 763 3093 dedidit
773 3031 901 3108 noxios,
916 3047 1053 3107 ossaque
1065 3029 1140 3107 red-

155 3109 219 3170 dita
233 3109 480 3187 Philopoemenis
495 3121 581 3188 sunt,
598 3123 627 3177 ct
643 3115 782 3193 sepultus
804 3115 843 3176 ab
857 3116 1003 3176 universo
1022 3113 1140 3178 Achai-

155 3207 192 3253 co
208 3201 255 3254 est
271 3195 416 3272 concilio,
432 3198 510 3259 adeo
527 3198 666 3260 omnibus
682 3199 824 3260 humanis
840 3198 995 3276 congestis
1009 3197 1139 3259 bonori-

155 3275 229 3352 bus,
245 3287 277 3338 ut
292 3294 330 3338 ne
351 3279 463 3342 diuinis
486 3281 609 3357 quidem
632 3281 842 3346 abstineretur.
876 3283 915 3344 ab
931 3281 1138 3358 scriptoribus

153 3375 254 3422 rerum
271 3361 396 3424 Graccis
410 3363 589 3440 Latinisque
604 3372 717 3427 tantum
732 3366 803 3428 huie
818 3366 885 3428 tiro
899 3366 1052 3439 tribuitur,
1069 3371 1138 3425 uta

155 3444 336 3517 quibusdam
354 3462 475 3524 eorum,
497 3448 582 3509 reiut
604 3449 642 3509 ad
666 3449 813 3526 insignem
830 3457 931 3512 notam
946 3449 1037 3511 buius
1052 3447 1138 3523 anni,
