2328 3870
164 182 228 248 1⁰4
356 183 472 246 LIBER
483 182 561 244 XLI.
584 182 668 243 CAP.
682 191 746 244 1.a.
768 188 807 255 [a.
822 185 857 240 U.
873 186 972 256 mitid]

163 337 274 398 eodem
294 333 403 396 decern
424 332 555 396 navibus
577 334 609 394 C.
623 333 734 396 Furius
754 335 900 398 duumvir
919 335 1033 397 aarum
1050 338 1128 398 venit

164 417 635 498 adversmtltpriommolassam
647 417 904 480 creatiduumviri
916 419 1128 481 parauerunt

164 504 216 580 qui
237 504 369 568 tuendae
386 501 492 577 viginti
512 501 643 562 navibus
664 503 759 564 maris
778 504 977 578 superiores
989 503 1128 564 Anconam

164 590 246 652 velut
259 588 417 652 moenem
428 586 592 648 baberent:
613 585 687 646 inde
699 583 734 648 t.
749 585 911 648 cornelius
927 584 1033 646 dextra
1046 587 1128 649 littora

164 687 265 746 usque
278 671 320 732 ad
333 672 509 743 Tarentum,
525 669 557 730 c.
571 670 682 730 Furius
696 671 785 730 laeva
799 685 904 746 usque
919 671 962 732 ad
974 667 1128 744 Aquileiam

146 761 307 816 tueretur.
330 770 385 814 eae
400 770 496 814 naves
511 754 552 815 ad
568 754 739 829 proximum
752 761 875 828 portum
887 754 918 813 in
929 753 1057 818 Histriae
1063 753 1128 812 fines

163 855 233 898 cum
257 837 407 898 onerariis
431 845 461 898 et
480 852 591 913 magno
613 844 784 898 commeatu
804 838 937 911 missae,
962 843 1127 910 secutusque

162 936 232 982 curn
246 921 419 996 legionibus
441 923 550 982 consul
565 921 702 996 quinque
717 921 812 982 terme
826 921 944 981 miliae
958 921 1030 980 mari
1043 919 1126 994 posuit

163 1014 273 1065 castra.
306 1005 336 1065 in
362 1011 453 1080 portu
482 1004 652 1081 emporium
680 1005 767 1076 brevi
791 1005 998 1080 perfrequens
1025 1004 1125 1072 iactum,

163 1088 326 1162 omniaque
341 1088 412 1151 binc
427 1090 456 1149 in
473 1094 575 1149 castra
589 1089 861 1164 supportabantur.
887 1097 917 1148 et
932 1103 994 1162 quo
1008 1085 1038 1145 id
1052 1085 1126 1145 tutius
1159 1089 1160 1092 ’

162 1172 264 1247 lieret,
285 1173 434 1233 stationes
456 1172 495 1232 ab
515 1172 658 1237 omnum
679 1177 851 1234 metrorum
867 1171 1005 1246 partibus
1020 1170 1125 1228 obcun-
1159 1191 1160 1238 ς

162 1256 353 1316 clamasunt:
381 1255 412 1316 in
426 1255 570 1316 Histriam
586 1271 708 1316 versum
723 1253 914 1330 praesidium
930 1253 1079 1324 stativum,
1089 1263 1128 1308 re·
1159 1263 1160 1326 ᾗ

52 1347 58 1360 ’
163 1338 287 1413 pentina
310 1338 424 1400 cohors
438 1339 615 1398 Placentina
635 1339 781 1416 opposita
800 1340 882 1398 inter
896 1353 980 1402 mare
993 1344 1023 1397 et
1036 1340 1124 1402 castra
1158 1351 1160 1356 ¹

162 1430 193 1481 et
207 1429 239 1481 ut
259 1422 341 1480 idem
361 1421 561 1496 aquatoribus
583 1422 628 1482 ad
638 1421 767 1484 lindum
784 1430 872 1482 esset
887 1414 1123 1497 praesidiumll.

161 1502 312 1565 Aebutius
331 1504 471 1565 tribunus
493 1505 618 1564 militurn
640 1507 796 1566 secundae
811 1503 944 1580 legionis
960 1505 1036 1565 duos
1050 1496 1125 1559 mani·

163 1589 255 1661 pulos
277 1587 404 1647 militum
423 1588 547 1648 adicere
568 1589 673 1648 iussus
694 1596 758 1659 est;
779 1590 812 1649 T.
834 1597 866 1650 et
887 1589 918 1650 C.
939 1587 1017 1648 Aelii
1036 1579 1127 1645 utboni

164 1670 289 1732 militurn
308 1670 461 1745 legionem
474 1670 609 1744 tertiam,
630 1687 709 1750 quae
724 1673 926 1748 pabulatores
942 1679 972 1732 et
985 1671 1127 1745 lignatores
1158 1689 1160 1730 ι

164 1758 305 1836 tueretur,
323 1755 373 1816 via
387 1771 467 1833 quae
481 1755 655 1832 Aquileiam
669 1755 728 1817 lert
742 1757 905 1817 duxerant.
929 1755 967 1815 ab
982 1753 1081 1814 eadem
1090 1761 1126 1805 re·

163 1837 255 1912 gione
276 1838 357 1900 mille
377 1841 473 1900 terme
493 1855 642 1915 passuum
663 1847 765 1900 castra
785 1849 876 1903 erant
890 1840 1054 1900 Gallorum:
1075 1831 1126 1892 cat·
1159 1867 1160 1870 κ

163 1925 260 2006 melus
281 1937 338 1998 pro
352 1924 459 1998 regulo
474 1929 541 1984 erat
554 1924 652 1984 tribus
666 1923 751 1984 haud
764 1925 899 1999 amplius
914 1922 1034 1983 milibus
1048 1929 1125 1976 arna·

163 2012 271 2066 torum.
293 2007 330 2064 ll.
352 2005 456 2081 Histri,
470 2016 504 2067 ut
518 2007 648 2081 primurn
663 2007 704 2066 ad
717 2009 817 2067 lacurn
830 2005 949 2069 Timavi
964 2010 1059 2066 castra
1070 2001 1126 2058 sunt
1158 2061 1160 2070 Α

163 2091 302 2148 Romana
315 2096 406 2162 mota,
424 2088 486 2166 ipsi
502 2097 573 2165 post
587 2091 696 2149 collem
712 2093 831 2152 occulto
849 2093 919 2152 loco
935 2086 1128 2151 consederunt,
1158 2099 1160 2102 ·

164 2177 194 2230 et
208 2170 280 2230 inde
294 2171 427 2245 obliquis
442 2172 601 2234 itineribus
616 2189 725 2248 agmen
741 2175 966 2249 sequebantur,
982 2172 1011 2232 in
1026 2177 1126 2256 omnetss
1159 2167 1160 2170 ’

166 2254 362 2314 occasionem
380 2254 502 2326 intenti;
525 2272 583 2316 nec
599 2257 763 2332 quicquam
777 2273 847 2326 eos,
870 2273 952 2334 quae
967 2265 1043 2317 terra
1054 2261 1125 2310 man·
1159 2269 1160 2330 }

166 2352 227 2412 que
238 2343 409 2412 agerentur,
422 2339 554 2400 lallebnt.
576 2347 742 2416 postquam
754 2341 904 2404 stationes
914 2339 1059 2401 invalidas
1070 2341 1128 2392 esse

165 2433 221 2497 pro
246 2420 370 2496 castris,
392 2422 491 2483 lorum
513 2423 602 2485 turba
622 2423 728 2486 inermi
748 2423 898 2500 frequens
911 2425 991 2486 inter
1003 2415 1127 2504 castrati

165 2519 249 2564 mare
270 2506 468 2566 mercantium
487 2507 554 2568 sine
574 2509 637 2569 ullo
658 2508 793 2568 terrestri
814 2517 868 2568 aut
887 2507 1034 2568 maritimo
1048 2509 1126 2588 mun}-

165 2596 266 2650 mento
282 2585 434 2666 uiderunt,
449 2592 510 2652 duo
526 2592 616 2652 simul
632 2591 795 2667 praesidia,
806 2591 1001 2654 Placentinae
1013 2583 1128 2647 cohortis

165 2678 195 2732 et
208 2672 432 2748 manipulorum
447 2675 605 2736 secundae
618 2675 763 2750 legionis,
779 2677 1007 2750 adgrediuntur.
1035 2661 1128 2728 nebula

164 2756 309 2816 matutina
329 2763 448 2818 texerat
466 2757 636 2833 inceptum
659 2774 721 2834 quo
735 2758 888 2820 dilabente
902 2759 945 2819 ad
956 2753 1081 2834 primurn
1093 2754 1126 2804 to-

166 2853 272 2913 porem
289 2839 365 2900 solis
376 2842 539 2915 perlucens
551 2840 611 2900 iam
622 2842 746 2916 aliquid,
762 2842 997 2911 incertatarnen,
1013 2842 1045 2898 ut
1055 2829 1126 2896 suet

165 2923 216 2980 lux
239 2922 375 2996 speciem
396 2924 530 2986 omnium
551 2925 747 3001 multiplicem
766 2926 894 2988 intuenti
908 2924 1055 2989 reddens,
1075 2921 1127 2972 tum

166 3019 292 3080 quoque
307 3005 450 3070 frustrate
463 3007 634 3084 Romanos,
652 3011 747 3072 multo
761 3010 908 3071 maiorm
921 3008 960 3070 iis
976 3016 1066 3094 quam
1075 2995 1127 3085 eiii

165 3087 299 3148 hostiurn
323 3089 420 3152 aciem
447 3090 589 3154 ostendit.
626 3109 687 3168 qua
704 3093 799 3154 territi
821 3093 982 3168 utriusque
1002 3086 1127 3148 stannus

165 3169 274 3232 milites
296 3172 411 3249 ingenti
427 3177 555 3236 tumultu
575 3192 643 3238 cum
657 3175 687 3238 in
702 3183 804 3238 castra
818 3177 1040 3254 coniugissent‚
1105 3237 1111 3250 ,

165 3255 258 3330 paulo
279 3255 321 3318 ibi
342 3259 526 3335 plusquam
547 3260 630 3335 quod
651 3275 757 3322 secum
771 3261 832 3339 ipsi
847 3260 1006 3324 attulerant
1018 3251 1127 3313 tamone

166 3339 313 3403 lecerunt.
335 3357 404 3404 nam
418 3359 523 3418 neque
534 3342 653 3417 dicere,
676 3344 750 3420 quid
764 3344 928 3419 fugissent,
942 3355 999 3402 nec
1012 3337 1125 3420 percue-

167 3426 318 3488 otantibus
329 3427 459 3490 reddere
470 3441 654 3505 responsum
661 3435 818 3504 poterant;
833 3429 988 3490 etclamor
998 3415 1126 3493 lupone
