2368 3858
159 206 883 268 unioculooronoonmnxxiv-oxxrx.
948 187 1018 269 309*

37 360 146 400 victoriam
161 358 244 399 Romae
262 358 391 409 praetextae
410 359 433 397 et
449 357 494 396 alia
507 360 676 410 magistratuum
691 361 787 412 insignia
801 363 890 413 sumpta
904 365 963 404 sunt.
983 364 1009 405 C.

36 415 115 456 Marius
134 423 184 452 curu
198 413 280 453 Marsis
298 411 365 452 dublo
385 415 465 452 eventu
486 414 599 464 pugnavit.
622 413 719 454 libertini
740 419 785 454 turn
804 416 896 466 primum
916 415 1010 458 militare

38 470 161 521 coeperunt.
175 468 201 506 A.
211 465 300 506 Plotius
313 465 399 518 legatus
407 464 507 514 ilmhros,
522 466 646 508 L.Porcius
657 473 748 520 praetor
761 467 875 518 Etruscos,
891 481 939 510 cum
951 473 1009 509 uter·

38 533 76 574 qne
90 521 190 573 populus
205 519 336 570 deiecisset,
353 519 440 572 proelio
454 521 561 561 vicerunt.
581 520 714 563 Nicomedes
729 523 750 561 in
766 520 893 573 Bithyniae,
908 523 1009 564 Ariobar-

36 587 98 617 saoes
117 577 140 614 in
155 573 312 626 cappadociae
330 585 422 624 regnum
441 572 527 614 reducti
546 576 605 615 sunt.
627 574 666 616 Cn.
688 575 808 628 Pompeius
827 576 903 617 consui
922 577 1011 618 Marsos

35 631 78 670 acie
97 628 161 669 vicit.
184 638 233 667 com
248 638 299 667 aere
318 627 391 667 alieno
410 638 518 680 oppressa
537 631 597 670 esset
611 629 703 677 civitas.
725 632 750 670 ei.
765 629 912 724 Sempronius
926 630 1010 672 Asellio

35 686 125 736 praetor,
141 682 245 734 quoniam
258 681 379 722 secundom
394 680 507 721 debitores
519 681 554 723 ios
568 681 663 732 dicebat,
678 684 706 722 ah
721 686 749 725 iis
764 684 801 734 qui
825 685 973 724 onerabantur
986 684 1010 724 iu

35 737 78 778 ioro
98 739 189 829 occiente
210 737 254 777 est.
273 739 388 788 praeterea
407 735 547 782 incursiones,
558 734 665 778 Thracum
680 740 701 778 in
716 737 869 779 Macedoniam
883 738 1008 791 populatio·

159 801 172 828 n
193 801 207 828 n
234 818 238 828 .

35 802 171 886 ΜἛΞΧΟΟἿ.
184 791 359 884 1Αῗῒιὴιιιιιιιιίιιιι
373 842 468 884 Albinus
486 841 573 894 legatos
592 843 653 897 [cum
672 844 741 886 classi
759 844 899 938 praeesset&
921 844 1011 886 iniamis

35 900 121 940 mimine
134 896 271 951 proditionis
284 896 312 936 ah
326 896 427 936 exercitu
439 907 480 937 ano
495 897 626 940 interiectus
639 903 682 941 est.
698 898 723 939 L.
739 897 856 940 Cornelius
890 896 936 938 uiis
950 899 1008 950 iega-

35 956 68 994 tus
80 951 195 994 Samnites
210 948 295 1002 proelio
310 950 377 999 ricit,
397 954 420 990 et
433 950 486 989 hina
500 952 573 990 castra
587 963 662 993 eorum
677 953 819 1004 expugnavit.
834 953 874 994 cn.
889 951 1010 1004 Pompeios

35 1006 134 1048 Vestims
148 1007 171 1045 in
184 1003 321 1044 deditionem
335 1004 429 1055 accepit.
449 1004 475 1046 L.
490 1003 583 1046 Porcius
597 1006 676 1049 consui
690 1007 757 1048 rahus
771 1017 878 1058 prospere
891 1007 961 1057 gestis
977 1005 1008 1045 iu·

35 1061 107 1112 aisque
120 1059 243 1110 aliquoties
257 1057 345 1105 Marsis,
361 1057 411 1098 dum
426 1059 501 1099 castra
515 1069 590 1100 eorum
604 1063 725 1112 expugnat,
740 1060 832 1100 cecidit:
848 1072 875 1100 ea
888 1069 926 1101 res
940 1057 1000 1100 hosti

34 1115 71 1155 hos
84 1114 200 1154 victoriam
215 1112 263 1152 eius
278 1111 358 1164 proelii
373 1110 444 1154 dedit.
465 1110 589 1154 Cosconius
603 1116 625 1153 et
640 1114 747 1155 Lucceius
761 1113 874 1154 Samnites
888 1115 936 1153 aeia
950 1114 1008 1153 rice-

34 1171 89 1215 runt,
106 1167 202 1208 Marium
218 1165 345 1216 Egnatium,
361 1165 521 1207 nobilissimum
535 1165 632 1208 hostium
647 1167 737 1216 docem,
752 1168 894 1214 occiderunt,
911 1171 1009 1217 complu·

34 1231 97 1273 saque
117 1231 194 1261 eorum
214 1219 297 1272 oppida
316 1219 338 1259 in
358 1219 494 1260 deditionem
505 1223 646 1272 acceperunt.
668 1223 694 1264 L.
714 1220 780 1262 Sulla
798 1221 904 1273 Hirpinos
918 1219 1009 1267 domuit,

35 1274 141 1316 Samnites
155 1273 260 1326 pluribus
277 1272 371 1325 proeliis
389 1271 461 1326 fudit,
482 1274 570 1326 aliquot
583 1273 680 1367 populos
694 1277 790 1327 recepit,
811 1275 945 1326 quantisque
960 1282 1009 1312 raro

35 1331 147 1380 quisquam
161 1328 221 1370 alius
235 1329 286 1367 ante
300 1327 439 1370 consulatum
455 1328 521 1369 rebus
535 1331 586 1379 gest
595 1340 618 1379 a,
633 1329 663 1370 ad
678 1329 808 1381 petitionem
823 1326 953 1370 consulatus
966 1327 1009 1368 ito-

34 1394 84 1423 nam
100 1385 135 1424 ost
148 1382 271 1433 proiectus.

81 1435 179 1477 LXXVi.
198 1438 225 1476 Α.
245 1434 353 1476 Gshioius
370 1435 458 1488 legatus
475 1436 543 1476 rebus
561 1435 672 1478 adversus
690 1437 792 1478 Lucanos
809 1446 916 1489 prospere
930 1434 1007 1488 gestia,

35 1495 55 1530 et
70 1490 173 1542 plurimis
196 1488 286 1541 oppidis
304 1491 450 1542 expugnatis,
472 1491 494 1530 in
514 1489 630 1532 obsidione
648 1493 770 1533 castrmum
790 1489 906 1533 hostilium
920 1487 1003 1529 cecidit

35 1544 144 1596 Sulpicius
161 1542 251 1594 legatus
264 1542 403 1585 Marrucinos
422 1544 516 1593 cecidit,
536 1546 649 1596 totumquo
669 1556 716 1585 eam
731 1547 841 1598 regionem
856 1543 948 1595 recepit.
967 1541 1009 1582 cn.

35 1597 150 1650 Pompeius
161 1596 283 1648 proconsul
293 1596 395 1638 Vestinos
406 1599 429 1637 et
436 1597 540 1650 Pelignus
552 1598 573 1638 Ιιι
583 1598 716 1639 deditionem
724 1599 818 1651 accepit.
834 1599 902 1638 Marsi
912 1607 1008 1650 quoque,

1 1693 2 1698 ,
36 1652 80 1694 aL.
88 1653 188 1700 Murena,
205 1653 227 1690 et
240 1650 338 1692 Caecilio
349 1652 389 1693 Pio
404 1651 486 1706 legatis
499 1651 585 1703 aliquot
600 1653 694 1705 proeliis
708 1652 780 1702 tracti,
794 1652 909 1704 petierunt
924 1661 1008 1701 pacem.

1 1713 2 1750 i
36 1706 134 1748 Asculum
149 1716 162 1744 a
177 1704 218 1745 Cn.
234 1704 340 1757 Pompeio
355 1708 443 1758 captum
457 1708 504 1755 est,
520 1709 593 1748 caesis
607 1711 629 1746 et
643 1719 657 1747 a
672 1706 737 1746 Mam.
753 1705 847 1748 Aemilio
862 1706 935 1755 iegato
951 1702 1009 1743 liuil-

37 1759 72 1802 eis.
80 1759 129 1802 silo
137 1757 288 1811 Pompaedlus
299 1759 344 1800 dux
352 1761 482 1810 Marsorum,
498 1763 575 1800 auctor
589 1761 637 1802 eius
651 1761 692 1808 rei,
707 1762 729 1800 ln
745 1760 830 1810 proelio
841 1758 931 1798 cecidit.
948 1757 1008 1796 Ario-

1 1839 2 1870 ,
36 1813 135 1855 harsanes
150 1812 318 1864 Cappadociae,
338 1812 472 1856 Nicomedes
487 1813 605 1866 Bithyniae
624 1824 692 1864 regno
706 1825 719 1853 a
733 1811 863 1855 Mithridate
878 1811 944 1851 Ponti
958 1820 1010 1858 rega

37 1868 89 1919 puisi
107 1869 168 1908 sont.
188 1868 304 1919 praeterea
325 1867 465 1908 incursiones
477 1867 585 1908 Thracum
605 1869 626 1908 in
642 1864 1010 1918 Macedoniampopulationesque

1 1927 2 1956 i
37 1923 134 1961 continet.

1 1973 2 1994 ³
83 1973 189 2016 Lxxvn.
205 1977 259 2018 cum
275 1975 298 2015 P.
314 1974 430 2028 Sulpicius
443 1977 547 2016 tribunus
561 1974 635 2026 plebis
648 1977 738 2016 anctore
751 1975 776 2019 C.
789 1973 860 2015 Mario
875 1969 1011 2024 perniciosas

1 2052 2 2062 ι
38 2028 92 2080 leges
109 2027 285 2082 promulgasset,
308 2030 333 2068 ut
354 2029 446 2070 exsules
466 2032 623 2070 revocarentur
642 2032 665 2069 et
685 2031 735 2068 novi
751 2031 811 2069 cives
830 2026 974 2077 libertinique
988 2024 1010 2064 in

1 2081 2 2140 l
39 2084 102 2124 thius
120 2081 320 2132 distribuerentur,
341 2085 365 2123 et
378 2085 404 2123 ut
423 2082 448 2123 c.
464 2084 548 2124 Marius
567 2084 676 2125 adversus
691 2081 842 2124 Mithridatem
858 2081 922 2122 Ponti
937 2089 1011 2130 regom

1 2151 2 2180 ι
39 2137 77 2176 dor
92 2139 210 2186 crearetur,
226 2140 248 2176 et
261 2137 431 2178 adversantibus
446 2137 576 2178 consulibus
591 2138 619 2182 (i.
632 2137 739 2190 Pompeio
755 2141 777 2178 et
788 2139 814 2179 L.
827 2133 905 2176 Sullae
920 2135 963 2175 rim
979 2133 1010 2172 io·

1 2203 2 2230 l
39 2190 134 2240 iniisset,
156 2193 230 2233 occiso
246 2190 274 2234 Q.
289 2191 395 2243 Pompeio
415 2191 514 2232 consulis
529 2191 584 2240 illio,
606 2202 688 2243 genero
702 2191 792 2240 Sullae,
812 2191 837 2232 i..
854 2187 918 2230 Sulla
933 2185 1010 2227 consul

39 2255 81 2284 cum
94 2246 194 2284 exercitu
208 2246 230 2284 io
245 2245 320 2285 urhern
335 2246 405 2294 venit,
420 2248 443 2285 ct
457 2245 564 2286 adversus
577 2245 695 2286 lectionem
707 2245 801 2299 Sulpicii
814 2247 837 2284 et
849 2242 913 2283 Marii
926 2242 948 2281 io
960 2242 1010 2292 ipsa

2 2313 3 2338 ς
40 2299 205 2349 urhepugnavit,
222 2309 314 2351 eamque
326 2298 426 2350 expulit;
441 2310 469 2339 ex
482 2309 526 2350 qua
538 2298 653 2340 duodecim
667 2313 680 2340 a
692 2303 770 2342 senatu
783 2299 868 2346 hostes,
883 2299 941 2336 inter
954 2305 1010 2346 quos

2 2353 3 2362 ¹
31 2353 61 2408 ¹t).
74 2352 156 2393 Marius
170 2356 271 2402 pateret
285 2352 356 2401 iilius,
376 2352 467 2392 iudicati
485 2355 545 2393 sunt.
564 2354 591 2393 P.
606 2352 720 2405 Sulpicius
740 2365 789 2394 cum
809 2354 830 2392 ln
846 2349 940 2402 quadam
956 2348 1011 2388 viiia

2 2410 3 2454 1
39 2405 123 2456 lateret,
142 2406 224 2447 indicio
239 2407 299 2447 servi
314 2406 349 2447 sui
363 2408 475 2447 retractus
494 2409 516 2446 et
530 2407 617 2448 occisus
631 2411 673 2448 est.
694 2417 774 2449 servus
788 2409 813 2446 ut
826 2405 946 2456 praemium
961 2412 1010 2454 pro·

2 2479 3 2484 =
39 2460 121 2500 nissum
140 2459 208 2500 indici
228 2458 333 2509 haberet,
355 2460 517 2509 manumissus,
538 2462 562 2500 et
581 2461 608 2500 ob
629 2461 702 2502 scelus
717 2459 801 2512 proditi
816 2458 898 2497 domini
914 2457 941 2496 de
956 2465 1011 2495 saxo

40 2512 132 2554 deiectus
150 2517 194 2556 est.
218 2513 242 2554 C.
258 2514 342 2554 Marius
361 2513 422 2555 iilius
442 2515 462 2552 in
478 2513 573 2554 Airicarn
589 2515 683 2554 traiecit.
706 2515 731 2556 C.
747 2512 832 2553 Marius
846 2514 910 2562 pater
925 2520 973 2548 cum
989 2508 1010 2546 io

3 2563 4 2576 ³
40 2566 151 2618 paludibus
162 2567 348 2609 Minturnensium
363 2568 449 2616 lateret,
464 2570 580 2609 extractus
594 2571 630 2610 est
643 2569 670 2606 ah
686 2567 816 2618 oppidanisi
831 2567 854 2604 et
868 2576 916 2602 cnm
929 2563 1011 2602 missus

3 2639 5 2650 ν
39 2620 64 2659 ad
77 2621 217 2662 occidendum
232 2633 281 2662 eum
296 2631 386 2672 servus,
407 2623 496 2663 natione
512 2620 604 2672 Gallus,
620 2621 736 2662 maiestate
751 2620 806 2659 tanti
822 2618 863 2658 viri
878 2617 1011 2668 posterritus

39 2678 175 2726 recessisset,
190 2677 309 2729 impositus
324 2673 414 2727 publice
429 2679 451 2716 in
466 2678 539 2716 navim
555 2674 642 2716 delatos
657 2677 691 2716 est
706 2675 727 2713 ia
743 2672 846 2714 Airicam.
861 2672 886 2711 L.
901 2669 966 2710 Sulla
981 2669 1010 2707 ci-

3 2757 4 2764 .
40 2728 110 2771 vitatis
123 2733 204 2772 statum
219 2729 342 2779 ordinavit,
363 2729 444 2770 exinde
460 2729 558 2770 colonias
573 2728 672 2769 deduxit.
695 2728 723 2772 0.
738 2727 857 2778 Pompeius
872 2723 961 2772 consui,
982 2721 1010 2762 ad

40 2781 183 2835 accipiendum
204 2784 272 2824 aco.
287 2783 391 2836 Pompeio
412 2783 545 2837 proconsule
565 2784 688 2823 exercitum
706 2782 833 2835 proiectus,
854 2777 1010 2820 consiliosius

4 2839 6 2842 '
40 2837 119 2879 occisos
130 2843 174 2879 est.
189 2837 340 2888 Mithridates,
354 2838 418 2880 Ponti
433 2849 480 2888 rex,
496 2836 601 2887 Bithynia
610 2841 631 2877 et
641 2835 782 2888 Cappadocia
789 2834 905 2885 occupetis
914 2835 936 2872 et
943 2830 1009 2884 pulso

41 2890 129 2982 ¹aquillio
143 2891 216 2944 legato
232 2891 361 2944 Phrygiam,
381 2893 516 2943 provinciam
536 2893 612 2943 popuii
627 2891 731 2940 Romani,
750 2900 798 2929 cum
812 2887 896 2940 ingenti
911 2887 1010 2927 exercito

49 2947 130 2984 charit.

86 2997 200 3040 lxxviii.
220 2998 365 3041 Mithridates
379 2999 453 3041 Asiam
468 3000 598 3052 occupavit,
618 2999 646 3042 Q.
662 2999 760 3050 Oppium
775 2993 941 3050 proconsulem,
957 2995 1010 3034 item

41 3051 151 3102 aquilium
166 3053 270 3106 legatum,
285 3054 307 3092 io
322 3052 410 3093 vincula
423 3053 530 3102 coniecit,
545 3054 652 3104 iussuque
668 3052 729 3100 eius,
746 3049 855 3104 quidquid
870 3050 951 3089 civium
966 3047 1009 3110 Ro·

41 3115 142 3147 manorum
157 3107 179 3146 in
194 3108 247 3148 Asia
262 3107 304 3148 tuit
318 3118 362 3146 nno
376 3106 412 3146 die
426 3107 560 3147 trucidatum
575 3109 618 3147 est.
634 3106 708 3146 urbem
723 3105 837 3153 Rhodum,
852 3114 909 3155 qnae
924 3102 972 3144 sola
987 3111 1009 3138 m

42 3156 78 3198 ide
90 3165 250 3211 permanserat,
270 3161 418 3213 oppugnavit,
438 3164 461 3201 et
478 3161 566 3213 aliquot
581 3159 674 3212 proeliis
688 3160 806 3201 navalibus
821 3160 893 3200 victus
907 3155 1008 3197 recessit.

42 3211 151 3256 Archelaus
171 3214 298 3267 preelectus
315 3216 375 3266 regis
394 3215 417 3253 in
432 3214 545 3255 Graeclam
560 3227 609 3255 cum
624 3216 723 3255 exercitu
739 3216 811 3264 venit,
832 3211 930 3253 Athenas
945 3219 1006 3248 occu-

42 3267 101 3314 pavit.
122 3273 238 3322 praeterea
259 3268 430 3319 trepidationem
450 3269 536 3309 urbium
549 3267 729 3320 insularumque,
749 3269 800 3309 aliis
815 3265 842 3305 sd
857 3263 1009 3305 Mithridatem

43 3318 84 3361 aliis
96 3321 122 3361 ad
137 3325 243 3376 populum
258 3323 380 3364 iiomanum
396 3323 499 3364 civitates
513 3333 565 3364 suas
579 3321 724 3370 trahentibus,
740 3322 845 3361 continet.

87 3374 179 3420 lxxix,
200 3377 226 3417 L.
243 3375 360 3418 Cornelius
375 3377 509 3418 cinnanum
525 3377 662 3428 perniciosas
676 3376 739 3427 leges
752 3385 792 3427 per
807 3373 850 3411 vim
866 3368 1009 3432 ferretsoui·

6 3431 7 3436 ’
44 3433 77 3466 ιιι
89 3429 138 3470 urhe
151 3442 165 3471 s
179 3431 219 3472 Cn.
235 3431 330 3471 Octavio
346 3429 434 3481 collega
448 3442 496 3472 cum
510 3441 552 3471 ses
568 3429 663 3472 tribunis
678 3428 764 3481 piebis,
784 3426 922 3477 imperioque
937 3433 957 3462 0¹
972 3423 1005 3461 ah-

6 3483 7 3532 }
44 3483 116 3532 rogato,
131 3487 257 3538 corruptum
272 3487 314 3536 Ap.
329 3483 416 3524 Claudii
431 3485 551 3525 exercitum
567 3484 587 3523 in
604 3486 738 3536 potestatem
753 3491 814 3523 suam
829 3478 914 3530 redegit
928 3474 1000 3517 ethei
