2424 3872
257 191 520 295 cieucxxxrx.
543 221 626 280 car.
641 229 706 284 ac.
728 227 883 296 [scau]
1037 223 1057 286 5

73 371 133 434 iore
146 379 181 432 ut
196 373 366 432 memoriae
381 389 418 432 ac
432 371 601 448 posteritati
613 373 773 432 mandetur
785 370 924 432 eiusdem
936 372 1058 449 collegii

71 459 197 517 alterum
210 471 229 514 e
242 457 366 518 duobus
377 455 505 516 tribunis
518 456 618 531 plebis
631 471 705 516 snus
717 455 889 516 inimicitias
899 455 1058 518 remisisse

67 542 110 600 rei
124 540 282 615 publicae,
299 540 425 599 alterum
439 540 554 600 alienas
568 545 598 599 et
612 539 774 599 mandatas
789 539 977 600 exercusse.
1008 540 1056 600 his

68 624 168 682 victus
194 621 449 696 castigationibus
470 622 610 683 tribunus
631 638 700 682 cum
719 623 835 697 templo
856 623 1055 696 excessisset,

8 771 11 780 ,
67 707 222 766 referente
242 703 309 766 Ser.
326 703 462 780 Sulpicio
484 712 627 781 praetore
647 705 818 780 triumphus
832 705 873 764 M.
887 703 996 765 Fulvio
1011 713 1058 766 est

69 791 223 850 decretus.
252 789 279 848 is
296 805 365 848 cum
379 789 492 864 gratias
507 789 645 863 patribus
662 789 846 864 conscriptis
863 789 988 864 egisset,
1003 791 1057 850 ad·

69 873 138 934 iecit
158 873 253 932 ludos
274 888 404 947 magnos
426 888 461 932 se
480 873 547 932 lovi
568 872 683 948 optimo
704 873 837 933 maximo
858 887 895 934 eo
917 873 967 933 die
994 889 1056 949 quo

68 957 266 1016 Ambraciam
293 957 429 1032 cepisset
453 955 595 1026 vovisse;
630 956 662 1014 iu
682 971 750 1015 eam
770 971 833 1014 rem
855 955 914 1016 sibi
934 963 1056 1018 centum

71 1041 177 1114 pondo
200 1041 267 1100 auri
282 1039 488 1100 acivitctibus
510 1041 666 1109 collatum
688 1047 841 1114 peterent
856 1055 895 1099 ex
909 1054 948 1099 ea
961 1055 1055 1115 pecu·

69 1125 133 1197 nia,
157 1140 252 1198 quam
269 1123 299 1183 in
319 1123 472 1198 triumpho
494 1124 584 1184 latam
598 1122 630 1182 in
644 1122 763 1182 aerario
784 1121 943 1197 positurus
961 1129 1054 1200 esset,
1119 1147 1130 1156 -

69 1205 102 1266 id
116 1223 226 1268 aurum
241 1207 361 1267 secerni
377 1207 524 1268 iuberent
558 1212 684 1267 senatus
698 1206 878 1282 pontificum
893 1207 1055 1281 collegium

74 1290 189 1350 consuli
210 1290 316 1364 iussit,
337 1307 410 1350 num
425 1306 515 1350 omne
529 1290 562 1350 id
576 1305 683 1350 aurum
698 1290 730 1349 in
743 1289 834 1350 ludos
850 1290 988 1350 consumi
1003 1305 1054 1350 ne·

75 1389 194 1434 cessum
220 1380 316 1434 esset.
352 1389 421 1435 cum
444 1373 608 1449 pontifices
629 1381 797 1448 negassent
816 1373 856 1434 ad
875 1374 1054 1448 religionem

74 1456 239 1532 pertinere,
257 1463 372 1532 quanta
384 1457 524 1534 impensa
538 1457 569 1518 in
583 1457 673 1518 ludos
688 1457 789 1529 fieret,
805 1463 931 1518 senatus
945 1457 1054 1518 Fulvio

73 1546 217 1616 quantum
233 1540 424 1616 impenderet
436 1541 583 1616 permisit,
599 1542 672 1602 dum
686 1557 726 1600 ne
740 1556 889 1602 summam
901 1542 1055 1618 octoginta

72 1624 184 1684 milium
206 1623 382 1684 excederet.
414 1624 600 1700 triumphare
615 1639 720 1685 mense
734 1625 874 1685 Ianuario
891 1631 1053 1686 statueram

74 1707 128 1776 sed
138 1722 209 1767 cum
221 1707 362 1769 audisset
373 1707 581 1769 consulemM.
593 1709 762 1781 Aemilium,
777 1709 883 1770 litteris
892 1709 933 1768 M.
945 1707 1052 1770 Aburii

73 1789 180 1851 tribuni
195 1790 297 1865 plebis
312 1792 446 1866 acceptis
462 1792 501 1851 de
511 1791 643 1852 remissa
653 1793 884 1865 intercessione,
900 1793 1002 1867 ipsum
1013 1791 1055 1852 ad

74 1873 303 1949 impediendum
325 1874 510 1951 triumphum
529 1875 659 1934 Romam
682 1876 855 1934 venientem
876 1890 1002 1948 aegrum
1022 1875 1053 1934 in

73 1955 120 2017 via
134 1956 330 2032 substitisse,
350 1973 389 2018 ne
403 1960 473 2034 plus
488 1959 519 2017 in
534 1957 687 2032 triumpho
704 1957 900 2018 certaminum
916 1973 1008 2033 quam
1022 1957 1053 2016 in

73 2041 149 2101 hello
165 2041 308 2114 haberet,
330 2043 473 2117 praetulit
491 2040 634 2116 triumphi
650 2039 739 2102 diem.
773 2040 967 2116 triumphavit
982 2049 1053 2102 ante

72 2124 151 2184 diem
162 2124 315 2185 decimum
325 2125 393 2186 Kal.
405 2126 561 2186 Ianuarias
573 2125 613 2184 dc
622 2124 743 2186 Aetolis
754 2132 785 2185 et
796 2126 835 2185 de
847 2123 1051 2202 Cephallenia.

71 2223 183 2267 aureae
199 2223 335 2270 coronae
356 2217 475 2270 centum
491 2208 653 2268 duodecim
667 2209 771 2283 pondo
786 2217 856 2270 ante
872 2225 993 2270 currum
1008 2211 1051 2269 la·
1152 2286 1154 2289 ι

70 2299 116 2350 tae
137 2300 228 2361 sunt;
252 2292 368 2367 argenti
387 2293 492 2368 pondo
506 2293 589 2352 milia
604 2292 758 2367 octoginta
771 2292 843 2365 tria,
865 2294 931 2353 auri
946 2294 1051 2370 pondo

71 2373 204 2434 ducenta
225 2376 510 2450 quadragintatria,
532 2374 699 2436 tetrachma
713 2375 813 2435 Attica
831 2383 952 2437 centum
967 2384 1051 2438 octo-

71 2457 168 2518 decim
179 2459 272 2532 mitia,
286 2457 437 2535 Philippei
448 2461 561 2520 nummi
572 2456 735 2519 duodecim
746 2458 827 2518 milia
838 2460 1051 2537 quadringenti

70 2539 175 2614 viginti
196 2541 276 2614 duo,
297 2541 387 2617 signa
407 2557 504 2602 aenea
518 2543 710 2616 septingenta
730 2541 884 2617 octoginta
904 2546 1050 2619 quinque,

70 2624 157 2697 signa
170 2640 345 2686 marmorea
358 2626 489 2686 ducenta
501 2626 636 2700 triginta,
658 2641 742 2684 arma
756 2627 816 2685 tela
833 2633 935 2686 cetera
950 2625 1052 2701 spolia

70 2705 220 2780 hostium,
242 2724 372 2782 magnus
393 2725 553 2779 numerus,
575 2706 689 2767 adhoc
706 2709 891 2782 catapultae,
913 2709 1050 2784 balistae,

69 2795 220 2851 tormenta
240 2793 339 2852 omnis
354 2790 491 2867 generis;
515 2792 610 2852 duces
626 2798 677 2850 aut
690 2791 791 2851 Aetoli
805 2797 835 2852 et
850 2792 1049 2870 cephallenes

70 2875 210 2949 cotragii
225 2875 264 2934 ab
276 2875 430 2937 ¹Antiocho
444 2877 485 2936 ibi
499 2875 595 2936 relicti
610 2874 650 2934 ad
664 2873 769 2949 viginti
784 2883 912 2952 septem.
938 2879 1049 2939 multos

69 2971 105 3017 eo
121 2958 180 3032 die,
197 2958 378 3034 priusquam
390 2960 420 3019 in
432 2960 539 3022 urbem
550 2956 752 3033 inveheretur,
767 2959 798 3018 in
811 2960 892 3020 circo
902 2959 1049 3022 Flaminio

69 3039 207 3102 tnhunos
223 3043 397 3116 praetactos
413 3044 531 3117 equites
547 3041 750 3116 centuriones,
761 3043 917 3105 Romanos
930 3046 1050 3106 socios-

72 3138 140 3197 que,
155 3124 246 3184 donis
261 3125 439 3186 militaribus
454 3124 589 3184 donavit.
624 3123 769 3186 militibus
783 3141 822 3186 ex
837 3127 952 3201 praeda
966 3127 1048 3189 vice

70 3221 127 3266 nos
149 3207 261 3282 quinos
284 3209 426 3270 denarios
446 3208 563 3284 divisit,
590 3207 707 3282 duplex
729 3209 913 3284 centurioni,
936 3212 1049 3287 triplex

72 3291 173 3364 equiti.

151 3375 205 3434 VI.
225 3375 288 3434 lam
303 3373 509 3436 consularium
527 3375 716 3438 comitiorum
731 3378 895 3452 appetebat
908 3383 1047 3448 tempus;

73 3454 182 3530 quibus
199 3458 270 3534 quia
280 3458 319 3518 Μ.
332 3459 489 3533 Aemilius,
508 3461 595 3521 cuius
610 3461 701 3522 sortis
718 3477 755 3520 ea
767 3477 840 3520 cura
851 3465 923 3531 erat,
940 3469 1047 3514 occur-
