2364 3862
254 199 369 258 LIBER
383 198 487 256 XLIV.
510 198 593 257 CAP.
608 207 652 258 22.
675 198 711 274 [a.
728 203 759 255 0.
776 201 837 276 168]
973 196 1037 260 229

1 324 3 386 ὗ
67 349 159 412 rendis
173 351 333 410 adiuturos
346 355 426 408 esse.
449 347 527 408 haec
540 347 648 423 partim
660 347 778 424 opinari
789 349 897 423 partim
910 365 1037 425 sperare

1 446 3 509 t
66 450 193 510 possum.
216 434 291 493 illud
305 431 469 492 adfirmare
484 447 540 505 pro
559 439 642 491 certo
662 431 763 492 babeo
783 433 961 507 undecune,
987 448 1036 492 me

1 512 2 519 ’
65 519 137 578 omni
150 532 212 592 ope
227 517 404 576 adnisurum
419 530 506 588 esse,
528 531 568 575 nc
589 516 701 574 frustra
722 531 778 575 ros
799 514 880 575 hanc
895 531 981 591 spem
996 517 1036 575 de

64 617 106 660 me
128 599 343 674 conceperitis.
379 614 459 672 quae
480 598 519 658 ad
540 599 652 658 bellum
673 614 754 673 opus
775 606 847 658 sunt
866 606 897 659 et
910 606 1036 659 senatus

5 733 6 736 ,
65 683 198 755 decrevit,
212 689 244 742 et
257 682 402 757 quoniam
416 681 570 757 extemplo
584 681 738 755 proficisci
751 681 852 757 piacet
863 697 964 757 neque
977 696 1035 756 ego

64 766 89 824 in
105 782 191 826 mora
211 781 295 838 sum,
316 764 348 824 C.
368 765 503 824 Licinius
524 766 656 839 collega,
682 764 729 822 vir
749 764 908 840 egregius,
936 780 1036 841 aeque

65 848 143 908 enixe
165 848 287 924 parabit
306 862 343 906 ac
367 849 393 906 si
413 848 482 922 ipse
501 848 534 906 id
553 848 665 907 bellum
684 853 827 920 gesturus
848 857 941 908 esset.
976 865 1035 910 vos

65 947 132 1006 quae
144 933 303 1005 scripsero
316 931 435 991 senatui
448 936 500 990 aut
506 930 594 990 vobis
605 932 707 991 bobeta
713 947 772 1005 pro
782 935 879 992 certis.
894 948 1034 992 rumores

63 1014 233 1074 credulitate
247 1021 352 1074 vestra
366 1030 405 1074 ne
420 1014 515 1086 alatis,
532 1029 661 1088 quorum
672 1021 779 1074 auctor
790 1031 879 1075 nemo
892 1014 1034 1076 exstabit.

63 1111 121 1157 nam
138 1113 222 1156 nunc
237 1097 361 1172 quidem
378 1096 462 1172 quod
476 1096 568 1170 vulgo
583 1096 666 1168 lieri,
686 1096 745 1156 hoc
764 1098 929 1172 praecipue
942 1099 1034 1170 bello,

61 1179 264 1251 animadverti,
281 1196 370 1240 nemo
386 1189 445 1240 tam
461 1180 560 1240 lamae
575 1186 767 1254 contemptor
786 1187 848 1252 est,
870 1181 956 1241 ouius
973 1198 1033 1241 non

60 1263 202 1324 debilitari
218 1265 338 1322 animus
353 1264 460 1339 possit.
485 1264 513 1322 in
527 1263 667 1323 omnibus
680 1264 811 1336 circulis,
827 1269 919 1338 atque
935 1265 1035 1338 etiam,

6 1411 7 1414 Ἴ
59 1347 82 1405 si
100 1347 160 1408 diis
175 1349 291 1422 placet,
313 1345 343 1406 in
365 1346 513 1408 conviviis
528 1352 600 1406 sunt
614 1348 666 1420 qui
681 1348 834 1408 exercitus
847 1347 877 1406 in
891 1347 1035 1408 Macedo·

59 1430 132 1490 niam
153 1431 283 1502 ducant,
309 1430 361 1490 ubi
382 1437 482 1490 castra
502 1428 632 1490 locanda
650 1429 711 1491 sint
724 1433 836 1504 sciant,
861 1448 941 1506 quae
965 1434 1035 1492 loca

59 1513 219 1588 praesidiis
235 1514 425 1589 occupanda,
440 1513 564 1589 quando
580 1519 631 1573 aut
646 1529 707 1589 quo
723 1517 803 1574 saltu
817 1515 957 1576 intranda
969 1515 1045 1578 Ma.

60 1598 193 1672 cadonio,
208 1598 259 1657 ubi
274 1597 385 1657 horrea
400 1597 552 1672 ponenda,
566 1614 627 1672 qua
641 1603 722 1658 terra
735 1600 810 1658 mari
824 1597 1033 1660 subvehantur

59 1689 252 1754 commeatus,
263 1681 387 1756 quando
396 1697 465 1741 cum
476 1681 566 1742 hoste
576 1697 685 1741 manus
700 1683 920 1754 conserendae,
936 1699 1033 1756 quan-

60 1764 93 1824 do
109 1765 237 1840 quiesse
251 1766 292 1825 sit
305 1765 421 1824 melius.
456 1779 513 1824 nec
529 1765 603 1839 quid
618 1765 790 1824 iaciendum
810 1766 849 1825 sit
863 1766 955 1825 modo
972 1773 1033 1824 sta-

58 1853 148 1920 tuunt,
163 1848 223 1908 sed
238 1848 387 1922 quidquid
402 1833 488 1908 alifer·
503 1864 595 1923 quam
609 1847 669 1922 ipsi
685 1863 834 1908 censuere
850 1850 960 1908 iactum
976 1856 1032 1920 est,

59 1933 212 1991 consulem
227 1932 321 1992 veluti
336 1931 416 1991 dicta
432 1932 481 1990 die
495 1937 650 1992 accusant.
684 1931 761 1990 haec
780 1947 891 2006 magna
907 1931 1033 2005 impedi·

59 2022 153 2074 menta
167 2031 219 2074 res
234 2016 409 2088 gerentibus
425 2022 508 2075 sunt:
533 2031 634 2090 neque
655 2015 736 2074 enim
757 2029 863 2075 omnes
880 2021 941 2074 tam
956 2014 1033 2074 firmi

58 2103 86 2156 et
97 2100 265 2159 constantis
281 2099 372 2158 animi
387 2105 494 2159 contra
509 2099 673 2158 adversum
694 2114 846 2159 rumorem
868 2113 939 2159 esse
960 2114 1033 2173 pos-

59 2189 137 2255 sunt,
160 2197 251 2257 quam
271 2182 384 2242 Fabius
407 2183 476 2254 luit,
503 2181 555 2256 qui
574 2197 663 2241 suum
684 2182 843 2258 imperium
859 2182 953 2242 minui
980 2198 1035 2257 per

58 2265 215 2325 vanitatem
238 2266 343 2341 populi
364 2265 468 2326 maluit
489 2281 580 2341 quam
600 2267 737 2326 secunda
762 2268 841 2326 lama
866 2268 945 2326 male
969 2283 1034 2326 rem

59 2348 205 2420 publicam
222 2363 337 2423 gerere.
374 2366 436 2409 non
452 2365 520 2408 sum
535 2349 577 2422 is,
600 2354 726 2422 quinon
742 2351 911 2411 existimem
927 2351 1032 2410 admo·

57 2431 173 2492 nendos
185 2433 282 2492 duces
293 2447 380 2492 esse:
395 2433 486 2492 immo
499 2447 577 2505 eum,
594 2431 697 2507 quide
713 2450 770 2494 sua
780 2433 871 2493 unius
883 2433 1034 2494 sententia

58 2515 155 2575 omnia
174 2521 274 2588 gerat,
301 2516 468 2590 superbum
494 2516 595 2575 iudico
622 2517 718 2590 magis
742 2532 833 2590 quam
854 2517 1032 2590 sapientem.

59 2599 128 2672 quid
142 2615 217 2674 ergo
232 2606 302 2659 esti
337 2597 468 2674 primum
484 2615 502 2657 a
518 2599 719 2673 prudentibus
735 2606 766 2659 et
780 2598 905 2673 proprie
919 2599 963 2658 rei
978 2599 1032 2656 mi-

56 2680 146 2741 litaris
173 2681 279 2756 peritis
305 2692 334 2743 et
353 2699 414 2742 usu
435 2682 534 2742 doctis
556 2682 699 2741 monendi
720 2682 921 2756 imperatores
944 2688 1032 2750 sunm

58 2764 163 2826 deinde
178 2765 217 2825 ab
231 2765 279 2826 his
295 2767 346 2842 qui
360 2765 512 2826 intersunt
525 2764 668 2840 gerendis
683 2762 723 2802 **
739 2768 818 2840 loco,
835 2766 886 2842 qui
901 2765 1031 2841 bostem,

58 2847 106 2922 qui
120 2856 292 2926 temporum
307 2851 563 2926 opportunitatem
577 2852 690 2924 vident,
713 2851 765 2926 qui
780 2851 810 2909 in
826 2851 935 2912 eodem
950 2851 1033 2912 velut

58 2931 173 3008 navigio
188 2934 355 3010 participes
370 2943 441 2996 sunt
454 2934 591 3010 periculi.
626 2935 730 3010 itaque
754 2935 780 2994 si
802 2937 871 3010 quis
892 2943 953 3011 est,
980 2935 1032 3010 qui

59 3018 136 3089 quod
150 3033 168 3076 e
181 3034 216 3078 re
230 3019 353 3093 publica
365 3019 405 3080 sit
420 3019 551 3079 suadere
569 3034 603 3078 se
624 3018 697 3076 mihi
717 3019 747 3078 in
769 3035 806 3080 eo
827 3019 923 3093 bello,
946 3019 1032 3096 quod

58 3107 196 3172 gesturus
208 3118 285 3174 sum,
303 3103 444 3173 confidat,
460 3104 488 3162 is
503 3117 542 3161 ne
557 3103 688 3176 deneget
698 3119 825 3177 operam
835 3105 879 3164 rei
892 3105 1031 3179 publicae

1 3228 2 3244 .
59 3183 124 3242 etin
133 3185 346 3246 Macedoniam
357 3201 477 3255 mecum
488 3188 597 3244 veniat.
618 3201 706 3260 nave,
719 3203 811 3260 equo,
823 3188 1032 3258 tabernaculo,

60 3264 162 3328 viatico
182 3269 274 3329 etiam
295 3286 313 3328 a
333 3285 381 3329 me
402 3267 561 3328 iuvabitur.
597 3269 624 3328 si
641 3285 730 3344 quem
753 3271 784 3329 id
811 3271 913 3330 lacere
938 3271 1031 3342 piget,

60 3349 147 3410 otium
164 3352 315 3412 urbanum
336 3350 458 3412 militiae
481 3351 635 3412 laboribus
657 3360 833 3428 praeoptat,
854 3368 872 3411 e
892 3360 972 3411 terra
992 3367 1032 3409 ne

1 3479 3 3592 Ῑ
60 3433 274 3505 gubernaverit.
308 3452 483 3497 sermonum
499 3435 573 3494 satis
589 3436 657 3509 ipsa
671 3435 797 3509 praebet
810 3435 894 3494 urbs.
922 3433 1028 3507 loqua-
1128 3514 1130 3521 Ι
