2424 3872
183 219 222 281 18
325 216 440 277 LIBER
454 216 584 276 XXXIX.
608 215 691 276 CAP.
702 223 746 276 20.
758 223 802 276 21.
824 221 860 288 [u.
874 221 909 273 U.
921 239 944 273 e.
956 222 1018 287 566]

185 368 285 444 uiginti
306 367 388 427 milia
408 366 543 441 peditum
563 366 658 426 sociis
680 373 709 424 et
728 365 843 429 nomini
855 364 962 425 Latino
977 364 1165 440 imperarunt

182 461 213 512 et
227 449 347 525 equites
362 449 443 508 mille
457 455 626 518 trecentos,
649 456 679 507 et
691 448 749 508 tria
763 448 845 507 milia
858 448 995 522 peditum
1008 448 1163 510 Romano

180 551 257 608 rum,
274 534 424 593 ducentos
440 533 570 606 equites.
592 539 688 591 totum
703 532 786 592 hunc
802 529 969 592 exercitum
983 541 1105 606 praeter
1120 533 1164 591 le·

181 621 289 694 giones
303 617 334 676 in
352 616 598 690 supplementum
611 614 826 689 Hispaniensis
842 615 995 674 exercitus
1012 615 1082 678 duci
1097 615 1165 689 pla·

182 703 280 762 eebat.
316 698 420 774 itaque
448 699 595 760 consules
623 699 696 762 dum
720 699 780 772 ipsi
806 697 1038 772 quaestionibus
1066 697 1165 772 impe-

183 784 358 854 diebantur,
389 783 422 842 T.
443 781 596 842 Maenium
622 780 745 841 dilectui
769 781 912 842 habendo
939 781 1165 855 praefecerunt.

181 867 326 943 perlectis
342 865 574 941 quaestionibus
589 864 674 939 prior
685 865 719 938 Q.
731 865 864 924 Marcius
876 864 907 922 in
917 864 1046 939 Ligures
1057 865 1165 939 Apua-

70 967 73 971 ·
181 967 240 1012 nos
266 957 314 1011 est
333 951 500 1024 profectus.
531 949 602 1008 dum
624 949 745 1022 penitus
765 947 796 1006 in
811 947 932 1008 abditos
947 950 1058 1019 saltus,
1083 963 1166 1022 quae

182 1034 317 1094 latebrae
330 1034 588 1107 receptaculaque
602 1048 726 1106 semper
738 1029 797 1090 illis
814 1033 941 1104 luerunt,
956 1031 1166 1106 persequitur,

184 1117 214 1176 in
237 1115 472 1192 praeoccupatis
494 1116 643 1190 angustiis
658 1117 728 1176 loco
743 1115 849 1188 iniquo
865 1122 913 1174 est
927 1115 1167 1175 circumventus.

184 1207 328 1276 quattuor
340 1200 422 1258 milia
435 1198 561 1258 militum
576 1200 699 1272 amissa,
714 1205 745 1258 et
759 1197 888 1271 legionis
903 1197 1058 1258 secundae
1073 1197 1165 1272 signa

181 1283 247 1356 tria,
261 1284 403 1343 undecim
419 1281 531 1342 vexilla
546 1283 664 1343 socium
678 1281 773 1342 Latini
789 1281 921 1344 nominis
935 1281 965 1340 in
980 1286 1167 1356 potestatem

181 1366 313 1426 hostium
328 1372 491 1437 venerunt,
508 1374 537 1425 et
550 1382 634 1425 arma
649 1367 750 1438 multa,
766 1379 846 1439 quae
861 1365 933 1438 quia
946 1364 1167 1440 impedimento

183 1449 369 1523 fugientibus
393 1464 449 1523 per
475 1449 632 1509 silvestres
658 1448 784 1508 semitas
805 1455 906 1522 erant,
931 1447 1048 1524 passim
1067 1448 1164 1508 iacta-

181 1533 299 1592 bantur.
316 1533 402 1608 prius
418 1533 568 1606 sequendi
579 1533 706 1606 Ligures
720 1532 812 1592 linem
828 1548 921 1606 quam
932 1534 1023 1607 fugae
1033 1531 1169 1592 Romani

182 1617 329 1675 lecerunt.
358 1617 465 1676 consul
489 1615 541 1676 nbi
555 1617 684 1690 primum
698 1631 736 1675 ex
750 1616 885 1678 hostium
899 1631 974 1690 agro
990 1613 1102 1688 evasit,
1125 1631 1170 1676 ne

184 1706 327 1774 quantum
349 1699 522 1759 deminutae
537 1699 645 1774 copiae
659 1701 759 1760 forent
772 1707 949 1775 appareret,
970 1699 999 1757 in
1016 1699 1093 1759 locis
1110 1715 1169 1773 pa-

181 1781 256 1844 catis
277 1783 443 1842 exercilum
463 1781 584 1842 dimisit
613 1789 787 1844 nontamen
802 1783 975 1844 oblitterare
990 1783 1101 1840 lamam
1117 1781 1167 1841 rei

180 1867 259 1926 male
273 1873 379 1940 gestae
394 1866 506 1940 potuit:
528 1881 599 1926 narn
613 1868 726 1940 saltus,
747 1867 829 1926 unde
844 1881 914 1926 eum
929 1865 1057 1940 Ligures
1074 1866 1168 1940 luga-

181 1956 296 2018 verant,
315 1949 448 2008 Marcius
464 1955 512 2009 est
525 1951 705 2024 appellatus.
859 2005 863 2014 .

264 2031 341 2090 XXI.
365 2031 428 2092 Sub
450 2032 531 2092 hunc
552 2032 688 2093 nuntium
708 2049 748 2092 ex
760 2032 926 2107 Ligustinis
947 2033 1104 2106 vulgatum
1120 2031 1170 2094 lit-

181 2121 263 2173 terae
279 2128 319 2171 ex
331 2113 480 2188 Hispania
494 2114 615 2174 mixtam
631 2116 743 2189 gaudio
757 2116 907 2176 tristitiam
922 2116 1097 2175 adserentes
1115 2130 1170 2174 ve-

180 2202 298 2254 nerunt.
327 2195 358 2254 O.
377 2197 512 2268 Atinius,
534 2197 585 2272 qui
605 2197 727 2258 biennio
743 2206 811 2259 ante
827 2207 950 2274 praetor
964 2200 994 2257 in
1010 2213 1077 2257 eam
1093 2213 1170 2272 pro-

180 2278 310 2338 vinciam
322 2279 479 2352 proiectus
488 2288 561 2353 erat,
573 2297 642 2341 cum
648 2281 802 2341 Lusitanis
814 2282 844 2340 in
852 2298 926 2356 agro
933 2281 1059 2342 Astensi
1066 2281 1170 2355 signis

181 2362 299 2422 collatis
315 2362 474 2436 pugnavit=
497 2363 537 2422 ad
551 2380 608 2423 sex
622 2365 704 2424 milia
718 2365 851 2424 hostiurn
866 2372 937 2426 sunt
951 2380 1051 2438 caesa,
1069 2366 1168 2424 ceteri

180 2444 242 2504 lusi
256 2450 287 2503 et
300 2445 394 2518 lugati
411 2447 581 2520 castrisque
595 2449 687 2508 exuti.
711 2449 751 2507 ad
766 2448 914 2523 oppidum
930 2448 1042 2508 deindo
1055 2448 1170 2508 Astam

184 2527 423 2603 oppugnandum
440 2527 576 2602 legiones
591 2530 689 2590 ducit:
713 2530 744 2589 id
761 2547 885 2606 quoque
899 2532 982 2591 haud
994 2532 1088 2591 multo
1101 2547 1170 2590 ma·

181 2611 246 2671 iore
262 2611 425 2672 certamine
438 2611 520 2686 cepit
532 2629 623 2687 quam
634 2623 751 2685 castra;
767 2616 824 2674 sed
835 2614 908 2675 dum
919 2615 1070 2675 incautius
1083 2613 1172 2674 subit

180 2709 293 2767 muros,
309 2693 388 2756 ictus
404 2711 443 2755 ex
460 2697 586 2756 vulnere
605 2706 676 2771 post
688 2697 755 2756 dies
770 2713 888 2772 paucos
900 2697 1034 2758 moritur.
1058 2697 1172 2758 litteris

180 2777 219 2836 de
233 2783 330 2837 morte
344 2779 553 2853 propraetoris
567 2779 700 2840 recitatis
716 2788 841 2842 senatus
857 2782 975 2842 censuit
985 2780 1172 2841 mittendum

181 2859 233 2933 qui
251 2860 290 2918 ad
300 2860 404 2920 Lunae
418 2867 539 2936 portum
551 2861 581 2920 G.
595 2862 790 2938 Calpurnium
805 2871 979 2939 praetorem
991 2880 1172 2938 conseque·

179 2949 270 3016 retur,
285 2944 497 3019 nuntiaretque
510 2953 650 3006 senatum
665 2963 795 3022 aequum
811 2963 954 3019 censere,
974 2963 1010 3008 ne
1027 2947 1094 3006 sine
1110 2946 1172 3006 im·

179 3025 264 3100 perio
280 3027 439 3099 provincia
450 3034 542 3101 esset,
558 3037 710 3090 maturare
721 3047 790 3090 eum
802 3031 968 3106 proficisci.
991 3037 1101 3104 quarto
1115 3030 1175 3090 die

179 3111 231 3184 qui
252 3109 366 3169 missus
381 3117 445 3170 erat
457 3111 573 3171 Lunam
587 3115 686 3174 venit=
709 3115 816 3188 paucis
828 3121 898 3174 ante
913 3114 1022 3174 diebus
1038 3114 1173 3187 Calpur·

178 3194 248 3252 nius
270 3193 427 3266 proiectus
448 3202 521 3254 erat.
559 3203 589 3256 et
609 3197 639 3255 in
660 3196 799 3257 citeriore
819 3197 969 3271 Hispania
982 3196 1015 3255 L.
1030 3196 1177 3256 Manlius

177 3275 342 3350 Acidinus,
365 3278 418 3351 qui
433 3278 543 3337 eodem
556 3287 710 3354 tempore,
733 3296 793 3354 quo
810 3279 841 3340 C.
856 3280 976 3340 Atinius
992 3278 1023 3338 in
1038 3280 1174 3353 provin·

178 3358 257 3418 ciam
278 3357 368 3434 ierat,
391 3375 460 3420 cum
475 3361 631 3422 Celtiberis
647 3362 713 3424 acie
729 3362 876 3424 conflixit.
905 3363 1021 3422 incerta
1034 3363 1177 3425 victoria

178 3442 351 3503 discessum
369 3451 432 3516 est,
454 3444 512 3503 nisi
529 3447 612 3520 qnod
628 3445 767 3507 Celtiberi
783 3453 884 3506 castra
898 3446 970 3505 inde
984 3453 1078 3507 nocte
1094 3463 1175 3522 pro-
