2368 3858
174 165 237 230 aso
342 164 561 226 nmaaxav
578 163 982 236 enumerandam]

175 327 297 398 portum
323 319 468 379 inclutum
492 316 623 378 statione
649 317 804 391 quondam
826 316 908 376 mille
927 317 1046 377 navium
1064 325 1133 393 Aga-

174 402 366 464 memnoniae
381 399 500 475 classis,
515 400 692 476 Dianaeque
705 401 862 499 templum,
876 399 1133 462 ubinavibusour·
1167 397 1169 508 ξ

175 503 243 549 sum
264 486 303 548 ad
321 485 441 546 molan
462 485 525 544 lilia
544 484 665 544 victima
685 485 748 544 aris
769 483 893 545 admota
911 497 967 544 rex
983 483 1032 544 illo
1044 498 1169 558 regom

172 574 265 652 potiit.
285 571 356 631 inde
367 569 496 646 Oropum
510 568 628 628 Atticae
641 575 768 628 ventum
783 574 839 638 est,
855 566 907 627 ubi
920 583 977 643 pro
994 567 1051 628 deo
1062 576 1135 628 vates
1168 609 1169 621 ι

175 653 320 752 antiquus
336 653 445 715 colitur
458 653 667 727 templumque
680 657 835 712 vetustum
846 656 902 725 est,
917 651 1084 714 lontibus
1062 650 1170 710 nvis-

176 754 237 816 quo
251 739 333 798 circa
347 751 519 796 amoenum.
533 735 671 797 Athenas
683 733 757 794 indo
767 735 877 810 plenas
889 735 1015 812 quidem
1026 734 1170 809 etipsas
1168 733 1170 850 ξ

174 826 326 884 vetustate
348 821 464 892 lamae,
487 820 581 880 multa
594 826 695 878 tamen
710 817 841 879 visenda
854 817 1020 894 habentes,
1042 813 1170 904 arcem}

174 910 298 982 portus,
318 919 424 964 muros
438 865 596 964 Piraeeum
610 901 679 962 urbi
693 901 871 976 iungentes,
891 903 1015 962 navalia
1028 915 1137 974 magno
1169 887 1171 966 ἕ

173 1003 241 1049 rum
255 989 481 1064 imperatorum,
502 987 665 1047 simulacra
679 984 808 1047 deorum
822 984 1051 1062 hominumque,
1071 980 1138 1044 omni
1170 989 1171 1060 j

175 1087 287 1147 genere
301 1079 333 1132 et
346 1072 489 1134 materiae
502 1077 532 1131 et
551 1070 660 1130 artium
674 1068 815 1144 insignia
842 1065 1139 1129 XXV111.saoridoio

173 1156 330 1218 Minervae
350 1155 485 1231 praesidi
507 1153 587 1215 arcis
607 1153 637 1212 in
657 1154 734 1214 urbe
754 1153 835 1213 iacto
850 1153 1028 1228 proiectus,
1051 1149 1139 1210 Gonn-
1170 1179 1172 1222 ι

174 1239 259 1301 thum
280 1240 374 1301 altero
398 1239 448 1300 dio
470 1237 619 1314 pervenit.
639 1237 714 1298 urbs
736 1243 803 1296 orat
822 1242 896 1297 lunc
910 1237 1071 1311 praeclara
1083 1239 1140 1292 aaa
1171 1297 1172 1302 ι

174 1322 345 1393 excidium
359 1339 416 1382 arx
428 1336 553 1398 quoque
561 1328 592 1381 et
601 1320 735 1381 Isthmus
746 1320 917 1396 praebuere
929 1319 1139 1394 spectaculum

174 1423 230 1466 arx
244 1407 323 1468 intra
336 1405 458 1467 moenia
477 1403 508 1465 in
529 1405 690 1465 immanem
705 1402 894 1465 altitudinem
909 1403 1008 1476 edita,
1032 1407 1139 1462 scatens
1172 1427 1173 1478 3

175 1487 326 1557 lontibus;
348 1488 482 1550 isthmus
497 1489 558 1550 duo
573 1486 670 1548 maria
683 1488 723 1548 ab
739 1503 855 1549 occasu
869 1494 901 1549 et
914 1493 986 1548 ortu
1001 1485 1075 1547 solis
1085 1480 1139 1542 tini-

174 1573 247 1632 tima
271 1573 344 1632 artis
370 1572 510 1634 faucibus
534 1572 690 1633 dirimens.
720 1570 886 1647 Sicyonem
908 1570 982 1631 inde
1003 1575 1035 1630 et
1053 1570 1140 1640 Argos
1172 1577 1173 1582 ’

174 1655 294 1718 nobiles
309 1656 403 1716 urbes
416 1654 495 1726 adim
519 1655 591 1717 inde
611 1655 693 1716 haud
709 1670 815 1730 parem
830 1655 941 1731 opibus
954 1653 1140 1728 Epidaurum,

174 1741 232 1801 sed
245 1739 389 1800 inclutam
403 1739 580 1816 Aesculapii
595 1737 689 1799 nobili
704 1739 828 1814 templo,
844 1738 929 1813 quod
945 1736 1083 1813 quinque
1095 1731 1139 1792 mi·

174 1823 255 1885 libus
269 1839 419 1899 passuum
434 1822 472 1883 ab
488 1824 564 1884 urhe
575 1823 693 1884 distans
713 1837 794 1883 nunc
808 1821 947 1896 vestigiis
961 1821 1140 1881 revulsorum

174 1905 340 1982 donorum,
364 1915 427 1968 tum
446 1905 537 1968 donis
552 1906 639 1967 dives
655 1913 733 1980 erat,
757 1921 837 1981 quae
850 1903 1059 1965 remediorum
1073 1901 1141 1962 salu·

173 1991 283 2053 tarium
304 1991 388 2065 aegri
409 1991 581 2052 mercedem
602 1996 800 2052 sacraverant
820 1989 891 2049 deo.
913 1989 985 2049 inde
998 1984 1140 2047 Lacedae

174 2087 296 2134 monem
310 2075 381 2147 adit,
398 2088 459 2133 non
476 2088 603 2149 operum
619 2073 844 2148 magnificentia
859 2071 916 2133 sed
931 2070 1093 2146 disciplina
1106 2068 1140 2126 in·

175 2155 350 2230 stitutisquo
363 2155 600 2230 memorabilem,
616 2172 653 2216 ac
665 2157 860 2227 Pallantium3
883 2155 967 2218 unde
980 2169 1040 2230 per
1053 2153 1140 2226 illega-

174 2237 301 2312 lopolim
317 2236 489 2315 Olympiam
504 2238 651 2298 escendit.
671 2241 723 2300 ubi
735 2247 766 2301 et
776 2241 835 2300 alia
847 2240 970 2316 quidem
982 2234 1142 2314 spectanda

173 2320 250 2396 visa,
266 2328 296 2382 et
309 2320 413 2381 lovem
424 2321 509 2382 velut
523 2329 716 2396 praesentem
731 2324 852 2384 intuens
867 2329 970 2385 motus
981 2323 1084 2382 animo
1095 2324 1141 2380 est

173 2403 276 2480 itaque
290 2405 373 2465 haud
386 2420 477 2466 secus
494 2421 586 2481 quam
597 2405 624 2466 si
635 2406 666 2467 in
678 2402 826 2482 capitolio
838 2407 1050 2467 immolaturus
1061 2409 1141 2473 osset,

175 2489 360 2550 sacrificium
381 2488 513 2565 amplius
533 2489 624 2551 solito
644 2491 787 2586 apparari
808 2489 907 2553 iussit
930 2489 1142 2583 imperagrata

176 2571 314 2648 Graecia,
334 2580 368 2634 ut
382 2571 456 2633 nihil
471 2589 576 2637 eorum
593 2589 673 2650 quae
688 2574 821 2650 quisque
833 2573 938 2634 Persei
952 2574 1036 2632 bello
1051 2569 1140 2648 priva·

173 2654 225 2716 tim
239 2664 291 2718 aut
310 2656 434 2754 publice
447 2656 598 2720 sensisset
611 2657 792 2734 inquireret,
814 2674 854 2718 ne
868 2657 957 2718 cuius
973 2664 1057 2717 metu
1070 2651 1141 2716 solli·

174 2739 281 2802 citaret
295 2740 412 2802 animos
428 2741 591 2816 sociorum,
609 2741 831 2801 Demetriadem
846 2756 915 2802 cum
929 2740 1098 2810 revertitur,
1108 2733 1140 2794 in

173 2822 280 2883 itinero
300 2824 458 2884 sordidata
482 2824 571 2884 turba
589 2825 767 2886 Aetolorum
790 2823 939 2895 occurrit,
971 2821 1140 2920 mirantique

174 2911 204 2963 et
218 2907 438 2980 percunctanti,
455 2907 529 2981 quid
544 2914 636 2982 esset,
653 2909 787 2968 defertur
803 2910 988 2984 quingentos
1001 2905 1139 2982 quinqua·

174 2986 257 3062 ginta
272 2988 428 3062 principes
444 2990 483 3050 ab
497 2989 629 3069 Lycisco
645 2999 675 3052 et
684 2989 811 3067 Tisippo
825 2993 1033 3051 circumsesso
1044 2990 1140 3050 senatu

173 3087 230 3145 per
241 3071 350 3134 milites
363 3071 520 3136 Romanos
538 3075 653 3136 missos
666 3075 704 3134 ab
716 3076 753 3134 A.
766 3073 881 3135 Baebio
893 3076 1050 3149 praelecto
1062 3083 1139 3148 prae·

175 3153 245 3216 sidii
259 3154 451 3232 interlectos,
478 3160 555 3220 alins
576 3157 607 3220 in
628 3158 769 3220 exsilium
789 3165 876 3219 actos
891 3173 981 3231 esse,
1006 3157 1139 3228 bonaque

175 3256 291 3301 eorum·
302 3240 353 3316 qui
374 3241 524 3306 interiecti
544 3256 651 3304 essent
670 3247 701 3303 ot
714 3242 855 3303 exsulum
869 3240 1037 3317 possideri.
1056 3235 1139 3299 iussis

175 3324 227 3396 qui
247 3325 451 3395 arguebantur
469 3324 677 3402 Amphipolim
700 3327 814 3386 adesse
835 3326 905 3400 ipso
924 3332 1075 3386 convento
1094 3319 1139 3379 Cn.

175 3403 299 3464 Octavio
311 3405 513 3482 Demetriade,
529 3415 695 3484 postquam
707 3408 786 3467 lama
799 3408 910 3469 accidit
921 3408 1078 3468 traiecisse
1086 3404 1138 3464 ian
