2424 3872
219 233 329 294 LIBER
342 234 473 298 xxxix.
496 233 579 294 cat).
595 241 638 295 tt.
661 237 743 310 [uc.
756 239 816 308 llll]
963 233 1006 298 49
1073 231 1078 240 '

33 399 35 454 l
75 382 231 445 dehebant.
258 399 327 444 narn
342 385 399 446 etsi
415 384 513 444 minor
532 389 631 444 aetate
647 398 739 458 quarn
757 382 889 444 Perseus
910 393 1003 459 esset,

33 517 34 522 ,
74 465 128 526 hunc
139 467 206 528 iusta
219 467 455 540 mauetaroitiae,
470 467 555 528 illum
568 467 679 543 pellice
694 473 791 528 ortum
806 482 894 536 ossea
922 468 1004 528 ilium

33 585 35 600 ι
73 556 94 608 ut
112 565 143 609 ex
165 551 279 625 vulgato
306 565 437 628 corpore
458 550 592 626 genitum
607 552 720 612 nullam
739 551 814 612 certi
834 551 930 626 paitris
951 567 1003 612 no·

71 633 233 710 laniabere,
253 635 334 696 hunc
357 635 507 710 insignem
527 633 656 710 Philippi
677 634 903 696 similitudinem
930 650 1005 711 prae

33 717 35 760 t
70 730 94 774 se
108 716 179 776 terre,
212 719 248 780 ad
269 719 330 782 hoc
346 719 504 780 Romanos
521 718 707 780 Demetrium
735 719 765 778 in
794 724 922 794 paterno
953 731 1005 778 so·

69 798 98 860 lio
120 801 269 876 locaturus,
299 803 403 866 Persei
431 803 544 865 uellem
572 801 657 878 apud
683 816 738 864 eos
763 802 891 878 gratiano
923 817 1004 864 esse.

66 879 121 942 hoec
132 886 209 960 vulgo
223 884 435 964 loquebantur
464 886 568 960 itaque
588 891 618 946 et
637 884 749 946 Persea
770 901 843 946 cure
863 884 1004 960 augebat,

33 1037 34 1040 Ἴ
66 980 92 1024 oe
102 981 188 1042 perum
201 985 255 1045 pro
271 985 306 1033 se
321 987 381 1030 uun
395 976 480 1032 actos
496 971 618 1043 valeret,
635 983 703 1034 cum
719 969 859 1034 ontnibus
875 969 942 1032 eliis
957 985 1004 1030 re·

33 1127 34 1134 ἵ
65 1046 106 1108 hus
116 1051 193 1114 irater
206 1055 347 1129 superior
362 1061 461 1125 assela
478 1060 508 1113 et
521 1051 681 1128 Philippus
696 1053 780 1129 ipse,
795 1053 847 1114 vix
862 1053 909 1114 sui
923 1053 1003 1114 arbi·

33 1175 34 1180 η
65 1131 182 1208 tritone.
195 1153 284 1212 quent
303 1137 449 1198 heredem
470 1137 555 1212 regni
574 1136 759 1212 relinqueret
779 1137 923 1207 credens,
946 1136 1004 1196 sibi

65 1231 156 1292 quoque
169 1221 337 1294 graviorem
358 1237 430 1282 esse
452 1237 545 1295 quana
564 1220 657 1280 vellet
676 1219 824 1280 minorem
834 1219 929 1281 filiurn
944 1220 1004 1278 aie-

33 1337 34 1346 2
64 1295 105 1358 bot.
124 1301 323 1366 offendebatur
332 1305 487 1368 interdum
498 1319 650 1364 concursu
661 1301 864 1364 Macedonum
875 1303 914 1362 ad
926 1317 1005 1376 cum,

63 1384 193 1448 stulterum
207 1388 266 1450 iam
281 1405 319 1450 se
334 1389 404 1449 vivo
423 1386 539 1462 regiam
554 1402 626 1450 esse
642 1385 865 1464 indignabatur.
893 1387 1005 1462 etipse

64 1462 151 1534 innocuis
174 1471 252 1535 haud
276 1472 371 1534 dubie
395 1469 528 1533 inflatior
551 1471 699 1545 redierat,
721 1470 868 1533 subnisus
883 1486 956 1546 erga
969 1485 1006 1530 se

33 1583 34 1586 κ
52 1546 150 1614 'iudiciis
163 1563 302 1630 senatus,
318 1555 540 1630 concessisque
564 1555 623 1618 sibi
638 1571 719 1630 quae
740 1556 817 1632 petri
831 1561 941 1630 negata
956 1569 1004 1614 es·

33 1663 34 1692 ;
64 1642 122 1704 senta
139 1645 164 1697 et
182 1640 279 1702 omnis
302 1640 415 1701 mentio
437 1640 642 1702 Romanorum
665 1647 809 1715 quantam
830 1638 1006 1716 dignitatern

33 1727 34 1788 Ῐ
63 1714 156 1794 oitpud
176 1731 294 1786 ceteros
316 1723 518 1797 Maccdonas,
539 1729 653 1784 tanum
673 1720 819 1782 invidiam
839 1737 901 1782 non
922 1719 1006 1796 apud

63 1798 151 1864 tratrem
164 1808 254 1868 modo
269 1808 329 1870 sed
344 1807 433 1868 elium
455 1805 539 1881 apud
558 1811 675 1880 patrem
689 1802 886 1880 conciliabat,
900 1802 1007 1879 utique

63 1892 189 1960 postquam
202 1892 295 1966 iegati
310 1891 360 1951 aiii
374 1890 505 1952 Romani
523 1895 677 1962 venerunt,
693 1894 723 1948 et
737 1887 904 1962 cogebatur
917 1886 1007 1945 dece-

62 1963 236 2036 torettracia
251 1975 470 2052 praesidiaque
484 1972 638 2035 deducere
653 1977 683 2032 et
696 1971 756 2030 alie
766 1975 818 2030 aut
830 1985 869 2029 ex
884 1969 1008 2031 decreto

62 2049 163 2120 iliorum
176 2058 344 2133 togatorum
360 2066 412 2118 aut
433 2073 472 2118 ex
487 2072 569 2117 nova
587 2056 803 2118 constitutione
821 2060 948 2114 senatus
964 2054 1006 2112 ie·

61 2137 117 2195 core
140 2141 190 2202 sed
206 2143 463 2206 ontniemaerens
481 2139 605 2217 quidem
629 2145 660 2200 et
682 2154 824 2216 gemeus,
850 2153 887 2200 eo
909 2135 1007 2212 magis

62 2220 121 2287 itud
132 2222 217 2286 ilium
232 2226 471 2301 frequentiorem
494 2240 592 2300 prope
613 2239 683 2284 cunt
703 2223 771 2286 aliis
794 2239 886 2298 quarn
900 2237 1007 2282 secum

62 2303 183 2380 eruebat,
198 2309 379 2372 obedieuler
394 2316 495 2370 tamen
511 2308 662 2370 adversus
682 2307 840 2369 Romanos
866 2303 1006 2376 iaciebat,

62 2397 87 2442 to
99 2403 175 2462 quam
189 2394 335 2456 movendi
346 2393 499 2470 extemplo
511 2391 582 2454 belli
594 2407 719 2454 eausam
732 2390 901 2467 praeberet.
916 2387 1008 2450 etiarn

61 2475 210 2540 troaudus
225 2478 346 2542 animos
363 2495 381 2538 a
396 2477 575 2553 suspicione
584 2476 688 2536 talium
699 2474 896 2538 consiliorum
911 2479 1006 2541 ratus,

61 2553 158 2618 modiano
171 2560 200 2620 in
214 2561 374 2624 Thraciam
394 2561 560 2625 exercitum
579 2559 610 2620 in
632 2558 772 2638 Odrysas
794 2564 824 2617 et
843 2553 1007 2616 Denthele-

61 2637 92 2694 tos
103 2646 127 2698 ct
136 2642 248 2706 Bessos
264 2646 365 2708 duxita
386 2643 614 2721 Philippopolin
635 2641 741 2702 urbem
762 2641 835 2715 iuga
855 2639 1009 2698 desertam

33 2795 34 2798 ,
61 2721 268 2803 illidendum,
286 2729 338 2805 qui
355 2730 385 2790 iu
402 2729 541 2804 proxime
554 2725 702 2788 montium
716 2723 787 2798 iuga
801 2738 871 2784 cum
886 2719 1008 2782 familiis

60 2813 204 2882 ooooperant
224 2828 312 2887 sese,
335 2814 430 2890 cepit,
453 2816 705 2887 campestresque
726 2806 890 2882 barbaros,
912 2805 1008 2882 depo-

60 2887 150 2954 tutatus
165 2911 256 2971 agros
271 2913 391 2970 eorum,
408 2898 438 2956 in
453 2895 638 2956 deditionem
660 2892 787 2969 accepit.
815 2891 921 2954 relicto
935 2889 1008 2950 inde

61 2967 88 3026 ad
101 2969 313 3057 Philippopolin
332 2981 505 3057 praesidio,
532 2978 616 3055 quod
640 2977 723 3038 haud
748 2977 841 3038 mutto
871 2982 944 3052 post
968 2974 1007 3034 ab

61 3045 161 3146 ssotpsis
174 3065 337 3140 expulsum
350 3073 413 3140 est,
428 3063 575 3141 oppidum
590 3063 620 3122 in
635 3061 791 3136 Deuriopo
814 3061 948 3122 condere
963 3059 1007 3118 in-

61 3138 129 3228 stituit
142 3177 176 3192 ·-
188 3146 340 3210 Paeoniae
355 3165 392 3210 ea
405 3148 490 3224 regio
506 3153 553 3208 est
566 3179 623 3220 -‚
646 3161 743 3221 prope
763 3144 928 3220 Erigonum
950 3141 1007 3203 ilu-

62 3228 130 3296 uun,
145 3231 192 3302 qui
205 3247 245 3292 ex
257 3233 381 3310 Illyrico
397 3247 454 3307 per
472 3230 636 3292 Paeoniam
656 3229 757 3290 fluens
771 3229 801 3288 in
816 3229 930 3290 Axium
944 3242 1008 3286 enr-

61 3311 111 3362 tou
122 3310 224 3386 editur,
239 3317 322 3378 haud
336 3315 444 3392 procui
460 3314 579 3388 Stobis,
594 3319 697 3375 vetere
712 3311 802 3374 nubea
823 3325 933 3372 novam
958 3324 1009 3367 ur-

62 3376 270 3524 ffifn.p⁰r⁸⁰id'²r
288 3407 319 3460 ut
332 3401 357 3460 is
373 3400 437 3460 filio
452 3397 559 3460 maiori
580 3397 742 3458 haberetur
762 3396 878 3467 honos,
902 3387 1012 3465 appet-

93 3480 196 3539 trussit.

91 3567 110 3611 t.
122 3572 175 3620 trau
189 3580 260 3626 raes
274 3569 312 3626 V.
784 3570 801 3621 o
