2424 3872
183 205 227 269 54
352 206 542 268 umauxn.
566 207 649 266 cnr.
665 214 768 268 aar.
789 213 993 283 [suasio]

184 362 269 422 caelo
285 367 405 419 tactam.
434 359 473 420 ob
490 374 527 419 ea
542 357 682 434 prodigia
697 358 801 434 viginti
816 358 925 420 hostiis
936 356 1101 418 maioribus
1114 373 1162 417 sa-

184 445 349 504 crificatum
364 451 412 503 est
426 451 455 502 et
470 443 550 503 diem
565 459 658 503 unum
672 444 854 518 supplicatio
869 443 934 504 luit

267 526 326 587 Per
340 543 396 588 eos
411 527 479 586 dies
500 541 539 586 ex
560 525 667 587 litteris
681 528 719 585 Α.
734 527 865 588 Terentii
886 525 1095 602 propraetoris
1111 540 1162 583 co·

183 613 296 687 gnitum
310 611 342 669 P.
359 609 572 686 Sempronium
593 611 625 670 in
647 611 790 671 ulteriore
808 611 982 686 provincia,
1004 625 1071 669 euru
1093 611 1162 684 plus

183 711 295 757 annum
315 709 408 768 aeger
424 693 549 769 luisset,
566 701 718 756 morarum
734 710 816 754 esse.
844 710 881 753 eo
902 692 1048 754 maturius
1064 694 1094 751 in
1109 691 1161 750 Hi-

183 780 323 855 spaniam
338 783 496 854 praetores
510 777 587 838 iussi
601 778 738 854 prcllsci.

266 861 449 936 Legationes
465 861 576 927 deinde
590 863 811 924 transmarinae
826 861 856 921 in
871 867 1009 922 senatum
1025 859 1162 920 introdu-

184 953 251 1007 ctae
269 953 355 1019 sunt,
373 945 470 1021 prima
481 945 627 1006 Rmnenis
642 952 672 1006 et
688 945 853 1006 Pharnacis
864 961 969 1020 regum
981 952 1011 1006 et
1023 943 1164 1005 Rhodio-

182 1047 251 1091 rum
266 1028 456 1106 querentium
471 1028 510 1088 de
525 1029 744 1106 Sinopensium
759 1029 856 1090 clade.
883 1027 1015 1103 Philippi
1036 1042 1164 1102 quoque

183 1114 274 1188 legati
289 1120 318 1173 et
332 1113 526 1174 Achaeorum
541 1120 572 1173 et
584 1113 897 1174 Lacedaemonimum
912 1111 970 1173 sub
989 1112 1071 1171 idem
1090 1117 1165 1169 tenr-

184 1213 244 1272 pus
261 1205 415 1258 venerunt.
446 1196 483 1258 iis
498 1197 584 1273 prius
598 1197 713 1258 lllarcio
735 1195 855 1270 auditu,
877 1196 928 1272 qui
949 1195 990 1255 ad
1003 1211 1052 1254 res
1070 1193 1165 1255 Grae·

183 1281 249 1341 ciac
263 1281 525 1356 Macedoniaeque
540 1281 685 1342 visendas
698 1280 812 1342 missus
827 1287 908 1355 erat,
924 1294 1077 1354 responsa
1093 1279 1167 1339 data

183 1373 262 1424 sunt.
290 1363 385 1424 Asiae
398 1362 522 1438 regibus
537 1380 574 1424 ac
588 1364 717 1426 Rhodiis
731 1379 916 1440 responsum
929 1372 977 1423 ast
991 1364 1113 1437 legatos
1127 1361 1167 1422 ad

183 1461 236 1508 eas
262 1461 313 1506 res
337 1447 484 1507 visendas
510 1455 649 1508 senatum
673 1448 847 1509 missurum.
892 1447 941 1506 lll.
959 1445 999 1508 de
1019 1445 1164 1522 Philippo

183 1543 287 1590 curam
302 1537 429 1590 auxerat
441 1529 591 1590 Marcius:
613 1547 683 1592 naru
702 1531 745 1590 ita
766 1531 879 1593 iecisse
893 1546 963 1592 euru
979 1545 1057 1605 quae
1073 1545 1165 1590 sena·

181 1614 224 1672 tui
239 1613 428 1689 placuissent
443 1613 606 1689 fatebatur,
628 1621 662 1676 ut
683 1613 773 1675 icelle
794 1621 957 1691 appareret
971 1630 1032 1675 non
1048 1613 1165 1674 diutius

184 1710 276 1771 quarn
290 1711 421 1758 necesse
436 1704 521 1757 esset
535 1699 695 1760 iacturum.
723 1714 824 1774 neque
845 1699 1011 1760 obscurum
1033 1704 1101 1757 erat
1116 1713 1165 1756 re·

182 1779 377 1856 bellaturum,
403 1781 568 1856 omniaque
595 1798 674 1857 quae
699 1788 771 1842 tunc
796 1790 900 1858 ageret
925 1781 1104 1856 diceretque
1128 1797 1165 1842 co

182 1872 333 1938 spectare.
362 1865 421 1926 iam
437 1864 567 1940 primurn
583 1881 703 1926 omnem
725 1867 789 1927 iere
807 1865 1027 1929 multitudinem
1049 1857 1168 1924 civium

182 1963 221 2007 ex
236 1949 390 2010 maritimis
419 1949 590 2010 civitatibus
615 1966 683 2010 cum
710 1948 830 2010 lumiliis
854 1950 921 2010 suis
946 1948 977 2008 in
991 1947 1167 2008 Emathiam

182 2048 262 2106 quae
276 2048 357 2092 nune
372 2031 495 2104 dieitur,
515 2033 670 2108 quondam
691 2033 844 2109 appellata
863 2031 996 2093 Paeonia
1016 2038 1080 2104 est,
1103 2039 1163 2092 tra·

182 2114 282 2190 duxit,
296 2115 526 2189 Thmcibusque
539 2123 570 2176 et
583 2116 651 2175 aliis
672 2115 809 2176 barbaris
825 2117 916 2178 urbes
933 2114 1058 2176 tradidit
1076 2115 1168 2175 habi-

182 2197 307 2271 tandas,
325 2197 436 2257 fidiora
456 2197 533 2259 haec
554 2214 668 2273 genera
688 2199 844 2262 hominum
866 2201 932 2262 lore
950 2206 1036 2258 ratus
1051 2200 1082 2258 in
1100 2199 1165 2260 Ro·

181 2297 271 2340 niano
286 2280 378 2340 bello.
406 2281 557 2355 ingentem
575 2298 613 2342 ea
625 2298 676 2343 res
693 2283 842 2344 lremitum
857 2283 887 2344 in
900 2282 1085 2346 Macedonia
1100 2290 1169 2344 tota

182 2363 268 2437 lecit,
285 2363 555 2440 relinquentesque
569 2375 696 2442 penates
711 2382 786 2427 suos
801 2382 869 2426 curn
884 2365 1067 2442 coniugibus
1078 2382 1119 2426 ac
1131 2367 1168 2425 li-

181 2446 264 2507 beris
271 2447 360 2522 pauci
368 2447 489 2508 tacitum
496 2449 633 2510 dolorem
642 2449 852 2521 continebanl;
867 2451 1169 2526 exsecrationesque

180 2531 210 2589 in
227 2531 397 2608 agminibus
412 2532 669 2613 proficiscentium
684 2534 714 2592 in
728 2549 831 2609 regern
851 2535 993 2594 vincente
1007 2534 1081 2594 odiu
1099 2549 1166 2594 me·

181 2621 243 2676 turn
269 2615 520 2678 exaudiebantur.
549 2617 597 2677 his
619 2617 707 2678 lerox
732 2617 850 2678 animus
875 2631 982 2678 omnes
1008 2617 1169 2694 homines,

180 2699 282 2759 omnia
301 2702 370 2761 loca
386 2707 587 2776 temporaque
602 2707 748 2776 suspecta
763 2700 903 2762 habebat.
930 2707 1091 2778 postremo
1111 2717 1169 2761 ne

179 2797 251 2854 gare
267 2785 424 2858 propalam
440 2785 541 2859 eoepit
555 2785 630 2844 satis
645 2791 740 2845 tutum
751 2783 810 2846 sibi
822 2785 987 2860 quiequam
1003 2799 1086 2856 esse,
1104 2785 1170 2846 nisi

179 2864 293 2924 liberos
313 2881 419 2926 eorum
435 2868 731 2952 quaginterleeisset
752 2869 994 2943 comprehensos
1009 2868 1041 2928 in
1057 2875 1169 2929 eusto-

180 2947 231 3008 dia
245 2946 371 3008 haberet
385 2956 415 3008 et
427 2956 564 3026 tempore
579 2951 671 3013 aliurn
686 2952 745 3012 alio
762 2952 889 3011 tolleret.
931 2952 985 3011 IV.
1007 2967 1077 3012 eam
1094 2969 1169 3014 eru-

179 3031 347 3106 delitatem,
364 3033 485 3092 laedam
501 3049 556 3109 per
570 3051 620 3108 se,
636 3035 806 3096 foediorem
820 3035 909 3096 unius
924 3034 1036 3096 doinus
1053 3035 1170 3096 clades

179 3113 259 3172 iecit.
288 3115 472 3177 Herodicum
488 3117 655 3192 principem
671 3118 887 3180 Thessalorum
902 3118 1005 3180 mullis
1021 3128 1094 3180 ante
1108 3135 1168 3178 an-

179 3196 226 3256 nis
242 3197 411 3270 cecideram
427 3215 560 3276 generos
576 3216 700 3277 quoque
721 3203 788 3263 eius
808 3209 918 3278 postea
932 3202 1095 3262 interiecit.
1135 3203 1168 3264 iu

179 3279 323 3341 viduitate
342 3281 465 3343 relictae
486 3282 568 3342 filiae
591 3284 728 3358 singulos
750 3285 832 3347 lilios
854 3301 968 3360 parvos
993 3285 1153 3346 habentes

178 3363 344 3425 Theoxena
358 3371 389 3424 et
408 3366 511 3426 Archo
534 3367 657 3426 nomina
673 3366 714 3428 iis
735 3375 820 3428 erant
840 3367 1030 3429 mulieribus.
1058 3369 1167 3429 Theo‹

177 3461 258 3506 xena
271 3449 370 3510 multis
387 3450 558 3524 petentibus
573 3459 736 3527 aspernata
750 3451 872 3526 nuptias
887 3458 948 3512 est:
976 3452 1084 3514 Archo
1102 3451 1172 3514 Po-
