2364 3862
180 176 1092 290 mfflmwmmmm

179 389 272 447 agros
298 373 388 433 saluti
413 367 537 442 luisset,
563 368 604 428 ad
628 357 983 445 Lychnidum'protinus
1007 367 1135 444 reliquias
1175 367 1177 430 l

179 457 276 516 cladis
289 455 420 515 reduxit.
1175 467 1177 540 q

261 540 312 599 xl.
333 539 417 620 ilaec
438 546 469 598 et
487 538 547 597 alia
561 536 643 600 haud
660 551 811 611 prospere
826 537 856 596 in
871 536 1051 599 Macedonia
1065 546 1137 612 gesta
1175 543 1177 616 l

178 639 217 683 ex
240 622 312 683 Sex:
334 621 445 696 Digitio
466 621 587 681 tribuno
602 619 736 692 milibum,
760 619 814 695 qui
829 621 970 682 sacrificii
985 631 1077 685 causa
1090 623 1137 684 lid·
1175 617 1177 654 ³

177 723 257 766 mam
271 712 404 779 uenerat,
420 712 492 766 sunt
504 705 617 765 audita.
640 711 860 780 propterqnae
875 705 1089 781 vertumnus,
1107 723 1137 766 ne
1175 737 1177 760 2

179 805 241 865 qua
254 790 351 849 maior
365 789 531 863 ignominia
545 788 745 862 acciperetur,
760 789 881 862 legatos
892 789 925 848 iu
940 788 1136 852 Macedonian
1175 783 1177 842 l

176 873 216 932 M.
237 871 375 933 Fulvium
394 870 538 933 Flaccum
558 879 588 932 et
600 871 642 930 Μ.
663 871 820 932 Caninium
840 871 981 934 Rebilum
1000 874 1137 947 miseruut,
1175 853 1177 944 i

178 957 230 1031 qui
247 964 404 1029 comperta
419 971 499 1032 quae
512 965 674 1030 agerentur
684 957 847 1024 reterrenm
871 963 900 1016 et
914 963 948 1018 ut
957 958 995 1016 A.
1007 956 1136 1018 Hostilius

177 1040 285 1101 consul
312 1041 433 1100 comitia
456 1039 634 1101 consulibus
659 1040 865 1115 subrogandis
886 1041 927 1100 ita
948 1041 1085 1111 ediceret,
1104 1039 1136 1100 ui

177 1139 283 1184 mense
297 1124 437 1184 Ianuario
454 1122 576 1185 comitia
590 1123 695 1185 baberi
712 1131 848 1198 possent,
871 1132 901 1184 et
915 1131 949 1186 ut
964 1127 1061 1198 primo
1076 1140 1135 1198 quo·

178 1223 238 1284 que
252 1216 391 1283 tempore
404 1209 435 1267 in
449 1208 556 1268 urbem
570 1208 692 1268 rediret.
710 1206 829 1269 interim
840 1207 880 1269 ll.
891 1207 1007 1268 Raecio
1024 1204 1136 1282 praetori

176 1292 367 1366 mandatum,
387 1301 421 1353 ut
435 1291 536 1353 edicto
550 1298 709 1352 senatores
724 1307 832 1352 omnes
847 1306 890 1352 ex
901 1298 967 1352 tota
980 1293 1072 1365 Italia,
1090 1289 1134 1349 nist
1174 1331 1177 1348 .

177 1377 228 1448 qui
243 1376 287 1434 rei
302 1375 444 1450 publicae
459 1391 554 1436 causa
573 1375 732 1447 abessent,
753 1376 1072 1450 Romamrevoeareta
1096 1387 1133 1448 qu

176 1458 293 1517 Romae
307 1466 421 1532 essent,
442 1475 481 1518 ne
498 1459 567 1533 quis
582 1460 662 1519 ultra
675 1459 757 1520 milla
771 1474 921 1534 passuum
935 1459 976 1522 ab
990 1460 1084 1520 Roma
1095 1457 1135 1516 ab·

177 1548 269 1606 esset.
290 1557 336 1612 ea,
352 1544 395 1601 uti
411 1549 535 1602 senatus
551 1543 685 1616 censuit,
707 1551 779 1604 sunt
792 1544 881 1604 iacta.
904 1543 1029 1604 comitia
1043 1555 1136 1602 consu·

175 1625 250 1682 laria
274 1624 449 1686 antediem
475 1626 612 1701 quintum
635 1625 703 1685 Kal.
727 1625 911 1688 Februarias
936 1628 1033 1686 luere.
1061 1624 1136 1684 creati

176 1709 321 1768 consules
343 1715 414 1768 sunt
434 1709 468 1782 Q.
483 1709 617 1770 Marcius
636 1709 797 1785 Philippus
810 1711 919 1772 iterum
936 1717 966 1771 et
982 1710 1036 1770 cn.
1052 1705 1135 1768 Servi-

176 1791 367 1867 liuscacplo.
383 1803 456 1867 post
475 1793 555 1853 diem
570 1794 689 1854 tertium
704 1800 865 1867 praetores
881 1801 953 1858 sunt
965 1793 1040 1854 lacti
1056 1791 1136 1852 dile

178 1875 283 1939 simius
297 1874 337 1934 ll.
355 1875 499 1938 Claudius
513 1876 677 1936 Marcellus
691 1877 722 1936 0.
739 1874 894 1952 Sulpicius
909 1877 1016 1938 Gallus
1032 1876 1061 1936 C.
1073 1875 1135 1933 illar-

176 1959 241 2018 cius
261 1957 387 2032 simius
409 1960 475 2021 Ser.
491 1960 650 2022 Cornelius
662 1959 810 2022 Lentulus
824 1960 857 2020 P.
871 1959 1020 2022 Fonteius
1036 1956 1134 2036 Capito.

175 2042 343 2116 designatis
371 2044 564 2117 praetoribus
592 2051 712 2118 praeter
741 2045 818 2104 duas
845 2045 979 2132 urbanas
1011 2051 1136 2120 quattuor

175 2125 353 2199 provinciae
374 2134 446 2185 sunt
466 2127 615 2198 decretae,
635 2127 786 2202 Hispania
800 2135 831 2189 et
845 2126 987 2189 Sardinia
1003 2136 1034 2189 et
1048 2125 1135 2188 Siciia

173 2216 205 2267 et
226 2208 345 2266 classis.
373 2210 465 2282 legati
485 2224 525 2268 ex
538 2209 720 2270 Macedonia
740 2218 849 2272 exacto
865 2212 1032 2274 admodum
1045 2221 1135 2272 mense

173 2289 340 2350 Februario
355 2291 518 2352 redierunt.
533 2292 564 2353 bi
580 2310 656 2366 quas
670 2309 722 2354 res
738 2311 776 2355 ea
790 2302 906 2356 aestate
918 2306 1134 2372 prospereges·

174 2373 268 2433 sisset
288 2389 344 2432 rex
364 2374 495 2436 Perseus
516 2377 703 2451 referebant,
727 2386 922 2453 quantusque
942 2379 1033 2440 timor
1047 2376 1135 2438 socios

174 2457 280 2531 populi
300 2458 429 2521 Romani
450 2459 584 2535 cepisset
604 2467 649 2520 tot
669 2462 796 2522 urbibus
817 2461 849 2522 in
871 2456 1135 2536 potestatemregis

159 2540 316 2614 redactis.
345 2543 513 2603 exercitum
535 2544 671 2605 consulis
692 2546 915 2621 infrequentem
930 2543 1135 2607 commeatibus

173 2625 264 2698 uulgo
280 2625 358 2685 datis
374 2643 430 2700 per
443 2627 639 2688 ambitionem
653 2643 738 2697 esse;
762 2631 883 2703 culpam
897 2628 964 2690 eius
978 2631 1024 2690 rei
1039 2641 1136 2688 consu·

171 2708 231 2766 lem
245 2707 275 2766 in
288 2709 426 2769 tribunos
435 2710 570 2784 militum,
586 2717 692 2771 contra
703 2712 772 2772 illos
783 2713 812 2771 in
826 2713 985 2774 consulem
997 2713 1135 2774 conterre.
1175 2741 1177 2774 ε

171 2787 364 2864 ignominiam
374 2792 489 2852 claudii
500 2795 667 2854 temeritate
677 2801 836 2869 acceptam
847 2796 969 2859 elevare
980 2809 1037 2858 eos
1045 2801 1136 2870 patres
1175 2793 1177 2860 f

171 2873 241 2932 laeti
263 2884 462 2948 acceperunt=
496 2877 612 2950 quippe
633 2892 811 2953 perpaucos
833 2878 928 2940 Italici
953 2880 1091 2954 generis,
1112 2881 1136 2932 et

170 2971 282 3028 magna
294 2973 335 3015 ex
343 2963 435 3031 parte
447 2959 640 3020 tumultuario
655 2961 768 3022 dilectu
780 2963 972 3038 conscriptos
984 2962 1028 3022 ibi
1038 2960 1148 3020 milites
1175 2967 1177 2984 ²

171 3038 303 3096 amissos
324 3041 506 3100 referebant.
529 3046 673 3104 consules
694 3045 845 3120 designati
864 3046 917 3106 nbi
938 3047 1069 3120 primum
1083 3057 1135 3101 ma·
1175 3053 1177 3066 '¹

170 3120 329 3194 gistratum
340 3122 477 3196 inissent,
489 3125 714 3188 deMacedonia
725 3130 840 3188 reierre
851 3129 891 3188 ad
902 3136 1041 3189 senatum
1052 3123 1134 3189 inussit

170 3202 404 3282 destinataeque
418 3207 595 3282 provinciae
610 3211 647 3270 iis
663 3220 736 3272 sunt
747 3212 833 3272 italia
846 3219 876 3272 et
890 3210 1079 3272 Macedonia.

253 3289 319 3349 Hoc
334 3307 414 3350 anno
428 3291 635 3353 intercalatum
650 3301 711 3354 est:
725 3295 812 3356 tertio
825 3297 873 3354 die
885 3304 957 3369 post
966 3291 1130 3355 Terminalia

171 3373 318 3431 calendae
331 3374 528 3436 intercalares
543 3377 636 3436 luere.
661 3377 840 3438 sacerdotes
856 3378 933 3438 intra
947 3394 1015 3438 eum
1031 3389 1131 3436 annum

170 3456 279 3513 mortui
299 3456 332 3514 L.
353 3456 538 3518 Flamininus
560 3459 593 3498 **
613 3459 774 3533 pontifices
791 3461 851 3522 duo
873 3455 1130 3526 decesserunt.L
