2364 3862
132 197 195 260 210
303 197 416 256 LIBER
429 196 533 254 XLIV.
556 195 640 254 cAP.
656 205 681 254 l.
694 204 721 254 2.
737 200 774 267 [a.
788 200 823 252 U.
835 217 860 250 c.
873 201 938 265 583]

216 351 239 409 Ι.
259 349 412 424 Principio
427 348 524 421 veris,
548 347 631 422 quod
647 347 778 406 hiemem
793 361 877 418 eam,
900 361 962 420 qua
975 344 1050 403 haee
1064 359 1115 416 ge·

134 443 182 496 sta
202 442 288 508 sunt,
309 435 481 493 insecutum
501 439 563 502 est,
585 431 624 489 ab
645 432 744 491 Roma
759 429 917 504 proiectus
935 428 969 500 Q.
984 427 1115 486 Marcius

134 518 292 594 Philippus
314 517 422 578 consul
438 531 507 574 cum
523 513 658 589 quinque
672 513 811 585 milibus,
839 513 925 586 quod
945 512 975 570 in
992 511 1115 584 supple-

135 609 269 662 mentum
294 600 447 674 legionum
471 613 576 658 secum
601 597 783 656 traiecturus
808 604 888 668 erat,
920 594 1116 653 Brundisium

135 686 284 762 pervenit.
312 684 352 742 Μ.
378 681 525 755 Popillius
550 680 724 740 consularis
750 677 854 738 etalii
875 678 942 752 pari
964 677 1117 738 nobilitate

135 769 351 828 adolescentes
382 764 493 823 tribuni
524 762 649 823 militum
676 762 708 822 in
733 761 954 822 Macedonicas
981 761 1117 833 legiones

136 852 294 912 consulem
314 847 412 908 secuti
426 852 507 906 sunt.
530 863 586 921 per
600 863 655 907 eos
671 847 738 906 dies
753 852 785 905 et
798 846 830 905 C.
845 844 980 906 Marcius
995 843 1117 918 Figulus

136 941 269 1009 praetor,
284 930 333 992 cui
348 931 457 991 elassis
472 930 632 1005 provincia
642 937 795 1002 evenerat,
811 927 1010 990 Brundisium
1022 926 1116 995 uenitr

136 1024 166 1077 ct
190 1016 280 1076 simul
304 1031 346 1077 ex
371 1015 456 1074 ltalia
479 1015 608 1089 proiecti
630 1013 796 1091 Corcyram
817 1015 913 1074 altero
938 1012 1005 1084 die,
1034 1010 1118 1070 tertio

135 1099 257 1160 Actium
281 1098 474 1158 Acarnaniae
498 1103 618 1172 portum
643 1102 815 1157 tenuerunt.
848 1095 921 1155 inde
946 1095 1057 1156 consul
1081 1093 1118 1152 ad

135 1181 330 1242 Ambraciam
355 1197 500 1256 egressus
528 1181 635 1241 itinere
658 1180 796 1240 terrestri
820 1177 896 1254 petit
920 1176 1117 1251 Thessaliam,

137 1272 262 1340 praetor
283 1272 429 1338 superato
449 1265 583 1324 Leucata
603 1264 788 1324 Corinthium
810 1263 912 1322 sinum
933 1264 1078 1321 invectus
1092 1268 1120 1320 el

138 1344 273 1407 Creusae
293 1348 405 1407 relictis
427 1346 557 1406 naribus
578 1353 660 1406 terra
674 1349 788 1422 etipse
804 1361 860 1422 per
874 1345 1007 1405 mediam
1023 1346 1119 1404 Boeo

138 1428 210 1489 tiam
226 1463 263 1474 -
281 1430 341 1488 diei
355 1428 446 1489 unius
461 1429 606 1503 expedito
621 1430 677 1489 iter
688 1438 736 1490 est
748 1465 785 1474 -
802 1427 979 1488 Chalcidem
990 1429 1031 1487 ad
1044 1429 1119 1486 clas-

138 1526 204 1572 sem
219 1510 383 1571 contendit.
406 1517 508 1571 castra
522 1527 559 1571 eo
574 1519 714 1587 tempore
728 1516 766 1573 A.
782 1513 933 1573 Hostilius
948 1511 1119 1570 inThessa·

139 1594 178 1652 lia
199 1594 281 1653 eirca
301 1593 571 1669 Palaepharsalum
591 1595 723 1656 hahebat
750 1597 830 1656 sicut
850 1595 934 1655 nulla
955 1611 991 1654 re
1011 1595 1121 1654 bellica

138 1677 326 1738 memorabili
348 1685 449 1752 gesta,
470 1675 512 1736 ita
532 1679 570 1737 ad
593 1686 733 1739 cunctam
753 1680 912 1739 militarem
928 1669 1120 1754 disciplinam

139 1760 177 1819 ab
192 1761 293 1821 ellusa
307 1760 429 1820 licentia
443 1761 572 1821 lormato
587 1763 694 1834 milite,
717 1768 747 1822 et
760 1762 855 1822 sociis
872 1778 942 1822 cum
956 1762 1020 1821 lide
1035 1761 1121 1821 cultis
1177 1818 1178 1821 ,

139 1849 169 1902 et
191 1843 229 1902 ab
250 1844 331 1903 omni
352 1859 466 1918 genere
486 1842 614 1905 iniuriae
629 1844 775 1906 delensis.
806 1845 910 1906 audito
927 1845 1121 1905 successoris

140 1924 274 1986 adventu
295 1943 365 1986 cum
385 1943 469 1986 arma
493 1928 578 1987 viros
604 1943 703 2003 equos
729 1944 798 1988 cunr
824 1943 898 1988 cura
923 1929 1121 2003 inspexisset,

140 2017 246 2069 ornato
263 2011 400 2069 exercitu
414 2010 536 2070 obviam
551 2009 685 2070 venienti
702 2010 822 2071 consuli
837 2013 1002 2087 processit
1018 2019 1049 2071 et
1062 2009 1122 2086 pri-

139 2105 207 2149 mus
229 2106 335 2150 eorum
356 2107 543 2165 congressus
563 2109 602 2151 ex
623 2092 767 2168 dignitate
781 2095 921 2170 ipsorum
943 2113 980 2155 uc
994 2092 1123 2156 Romani
1177 2136 1179 2139 ψ

140 2171 290 2245 nominis,
311 2181 341 2232 et
364 2174 392 2231 in
407 2173 500 2233 rebus
517 2174 628 2233 deinde
642 2179 787 2250 gerendis
803 2177 836 2216 **
853 2180 1023 2254 proconsul
1045 2179 1122 2236 enim

141 2253 180 2311 ad
207 2254 374 2314 exercitum
395 2252 428 2292 **
450 2257 558 2330 paucis
584 2267 658 2332 post
677 2260 787 2322 diebus
813 2264 924 2322 consul
950 2262 1122 2324 contionem

140 2335 223 2430 apud
241 2337 350 2398 milites
371 2337 484 2398 habuit.
507 2356 597 2401 orsus
611 2358 630 2401 a
644 2345 808 2418 parricidio
821 2345 926 2406 Persei
942 2351 1119 2421 perpetrato

139 2433 169 2476 m
185 2418 316 2492 tratrem,
332 2421 464 2495 cogitato
480 2422 509 2482 in
525 2433 691 2500 parentem,
706 2427 818 2488 adiecit
830 2436 903 2502 post
918 2430 1039 2489 scelere
1052 2444 1120 2502 par·

141 2505 203 2558 tum
217 2517 344 2577 regnum
360 2505 518 2582 veneficia,
535 2509 657 2585 caedes,
672 2511 832 2570 latrocinio
848 2513 983 2574 uetando
998 2512 1123 2588 petitum

139 2581 308 2678 Eumenen,
324 2587 449 2648 iniurias
464 2589 494 2648 in
510 2594 657 2668 populum
668 2595 849 2668 Romanum,
866 2595 1058 2671 direptiones
1075 2611 1123 2654 so·

140 2680 254 2760 ciarum
269 2671 390 2731 urbium
405 2682 512 2734 contra
527 2676 646 2748 foedus,
663 2692 700 2736 ea
711 2677 812 2737 omnia
824 2695 915 2753 quum
928 2679 988 2738 diis
1000 2693 1125 2754 quoque

141 2762 239 2840 rausa
260 2762 380 2845 essent,
403 2771 565 2816 sensumm
586 2758 615 2817 in
637 2759 721 2821 exitu
741 2777 843 2820 rerum
858 2778 1001 2822 suarum:
1023 2763 1125 2822 lavere

140 2841 224 2884 emm*
241 2835 347 2902 prelati
370 2836 504 2910 fideique
525 2838 617 2914 deos,
644 2859 700 2918 per
721 2860 800 2919 quae
815 2847 951 2920 populus
965 2847 1124 2906 Romanus

140 2908 180 3002 ad
201 2916 316 2972 tantum
342 2918 454 2990 lastigii
474 2923 601 2983 venerit.
633 2927 714 2987 vires
729 2927 841 2987 deinde
857 2928 964 3003 populi
985 2928 1123 3001 Romani,

140 3004 199 3083 tom
214 2995 363 3092 terremur
379 2999 484 3059 orbem
500 3008 739 3083 complectentis,
763 3025 831 3073 cum
845 3012 963 3071 viribus
980 3011 1123 3072 Macedo-

140 3084 224 3166 mae,
247 3087 401 3172 exercitus
418 3098 485 3142 cum
501 3091 687 3153 exercitibus
703 3097 908 3168 compararim
932 3102 1049 3170 quanto
1066 3111 1124 3154 rna-

139 3166 222 3210 ¹⁰f⁰⁸
247 3153 382 3235 1³¹¹¹¹1PPi
406 3165 613 3246 Antiochique
640 3193 717 3254 opes
743 3194 803 3237 non
828 3179 999 3238 maioribus
1026 3177 1122 3253 copiis

141 3235 252 3328 fractas
267 3250 362 3337 osset
383 3247 418 3304 ll.
441 3247 531 3310 huius
546 3259 671 3326 generis
687 3260 899 3322 adhortatione
915 3263 1059 3322 accensis
1074 3261 1124 3320 mi·

141 3317 222 3376 'stum
244 3333 566 3424 anlmls‚consultare
588 3341 763 3405 desummo
784 3345 910 3418 gerendi
925 3345 998 3404 helli
1014 3344 1121 3418 coepit.

140 3411 177 3454 '³⁰
199 3406 230 3458 et
245 3401 276 3460 θ’
291 3405 425 3470 Mffl'ssffls
441 3423 564 3487 Praetor
579 3437 597 3480 a
613 3425 756 3488 Chalcide
771 3430 872 3487 classe
889 3433 1019 3501 accepta
1033 3426 1121 3487 verrit.
