2364 3862
141 173 205 239 aar
300 170 534 232 Lmnnxurv.
550 169 749 229 caunas.
766 170 971 239 [suaset]

141 327 201 387 bus
216 323 298 385 suis=
320 321 486 383 clondicus
499 335 610 380 mrsus
626 319 807 393 interrogat,
823 317 940 394 ecquid
955 317 1037 395 ipsis
1053 319 1136 396 quur·

144 423 204 485 que
219 406 350 479 milibus,
367 405 453 480 quod
465 403 673 476 convenisset,
688 410 877 462 numeraret.
901 417 972 462 cum
986 403 1135 464 adversus

143 492 174 552 id
200 503 325 565 quoque
350 487 473 548 misceri
498 486 646 560 ambages
672 492 829 558 cerneret,
861 484 1014 546 inviolato
1042 486 1136 546 fallaci

143 573 259 647 nuntio,
275 572 361 647 quod
374 570 428 630 vix
444 575 624 645 speraverat
644 567 714 644 ipse
735 584 835 644 posse
850 569 1046 642 contingere,
1060 577 1136 629 retro

144 658 184 717 ad
198 657 344 728 Histrum,
360 651 556 729 perpopulati
569 651 747 722 Thraciam,
771 668 835 727 qua
848 651 965 712 vicinia
983 653 1135 724 eretriae,

143 737 308 799 redierunt.
346 751 426 810 quae
440 752 550 796 manus
567 733 673 810 quieto
696 735 828 795 sedente
842 749 920 810 rege
934 734 977 793 ad
990 734 1137 809 Enipeum

145 821 298 882 adversus
325 820 483 880 Romanos
510 817 717 878 Perrhaebiae
744 819 857 878 saltum
887 817 919 876 in
949 817 1137 878 Thessaliam

145 904 284 965 traducta
297 919 360 963 non
376 918 469 977 agros
489 908 605 962 tanturn
627 901 748 961 nudare
766 901 952 976 populando
968 901 1084 975 potuit,
1103 916 1137 960 ne

147 1001 227 1062 quos
253 986 326 1045 inde
351 986 483 1046 Romani
505 991 694 1044 commeatus
717 992 955 1060 exspectarent,
978 984 1039 1044 sed
1059 985 1136 1060 ipsas

146 1069 329 1129 exscindere
348 1069 444 1129 urbes
464 1074 587 1128 tenente
607 1067 648 1127 ad
668 1065 821 1142 Enipeum
841 1066 958 1128 Perseo
975 1067 1136 1141 Romanos,

145 1167 186 1211 ne
199 1151 327 1212 urbibus
343 1151 438 1213 sociis
454 1149 597 1225 opitulari
613 1156 754 1225 possent
791 1150 872 1226 ipsis
888 1166 1021 1226 quoque
1035 1151 1136 1211 Rorna-

146 1233 195 1295 nis
221 1235 262 1295 de
286 1250 322 1294 se
347 1233 544 1309 cogitandum
568 1233 694 1306 luisset,
727 1235 855 1309 quando
884 1249 990 1310 neque
1021 1248 1137 1294 manere

146 1315 263 1378 amissa
285 1317 460 1392 Tbessalia,
486 1316 569 1377 unde
592 1317 749 1377 exercitus
774 1318 931 1389 alebatur,
959 1318 1137 1393 potuissent,

147 1414 250 1474 neque
271 1401 431 1475 progredi,
454 1416 524 1461 cum
543 1416 583 1460 ex
604 1400 740 1462 adverso
762 1408 867 1462 castra
880 1401 1090 1461 Macedonum
1103 1397 1138 1436 **

148 1481 201 1557 qui
230 1497 269 1541 ea
296 1483 509 1557 pependerant
537 1499 610 1559 spe,
635 1483 720 1544 haud
740 1483 941 1546 mediocriter
966 1483 1139 1546 debilitavit

148 1563 258 1624 eadem
278 1565 406 1626 avaritia
427 1567 567 1628 Gentium
587 1581 693 1642 regern
714 1566 774 1628 sibi
796 1567 952 1630 alienavit
989 1584 1062 1628 narn
1077 1584 1141 1628 cum

148 1653 286 1708 trecenta
295 1648 518 1710 talenta-Pellae
528 1649 633 1710 missis
646 1667 665 1710 a
676 1647 786 1711 Gentio
799 1658 1005 1723 numerasset,
1023 1653 1141 1726 signare

149 1745 206 1790 eos
221 1731 383 1805 pecuniam
398 1749 522 1808 passus,
537 1733 609 1792 inde
624 1734 733 1794 decem
748 1735 864 1794 talenta
879 1735 919 1795 ad
933 1734 1141 1796 Pantauchum

150 1813 361 1888 missacaque
368 1815 687 1892 praesentiadariregi
696 1817 966 1893 tussitareliquam
974 1817 1140 1893 pecuniam,

152 1895 302 1968 signatam
330 1898 505 1976 lllyriorum
531 1900 637 1974 signo,
668 1899 864 1976 portantibus
895 1901 963 1961 suis
987 1901 1141 1977 praecipit,

154 1980 257 2052 parvis
272 1980 433 2042 itineribus
443 1982 599 2054 veherent,
616 1983 687 2044 dein
702 1999 772 2044 cum
786 1985 828 2044 ad
838 1985 933 2045 linem
943 1985 1142 2046 Macedoniae

153 2067 277 2120 ventum
294 2069 385 2134 esset,
403 2065 606 2126 subsisterent
616 2063 659 2126 ibi
670 2082 708 2127 ac
719 2069 844 2128 nuntios
860 2069 900 2129 ab
915 2085 952 2129 se
967 2070 1142 2144 opperiren-

154 2148 211 2200 tur.
247 2142 374 2204 Gentius
389 2147 503 2220 exigua
513 2155 600 2222 parte
612 2151 762 2223 pecuniae
774 2159 914 2227 accepta,
932 2169 1004 2213 curu
1016 2151 1143 2212 adsiduo

155 2239 173 2280 a
187 2221 364 2288 Pantaucho
380 2227 420 2286 ad
435 2229 639 2292 lacessendos
653 2233 758 2296 hostili
773 2235 855 2295 lacto
869 2237 1031 2298 Romanos
1042 2237 1143 2296 stimu-

155 2304 278 2378 laretur,
298 2307 338 2366 Μ.
358 2309 545 2385 Perpernam
565 2321 596 2374 et
614 2314 648 2374 L.
669 2316 820 2378 Petillium
845 2319 979 2395 legatos,
1006 2317 1061 2395 qui
1084 2325 1144 2378 tum

155 2385 234 2446 torte
248 2389 288 2448 ad
303 2405 372 2450 eum
387 2403 544 2469 venerant,
561 2394 592 2456 in
605 2400 777 2462 custodiam
789 2402 932 2464 coniecit
968 2402 1030 2464 hoe
1045 2402 1144 2463 audito

155 2466 288 2563 Perseus
314 2476 509 2539 contraxisse
533 2495 604 2541 eum
629 2485 835 2546 necessitates
860 2493 948 2548 ratus
970 2487 1013 2547 ad
1035 2485 1144 2546 bellum

156 2556 262 2625 utrque
277 2570 345 2616 curn
360 2559 523 2634 Romanis,
542 2563 582 2622 ad
603 2568 813 2628 revocandum
829 2570 883 2645 qui
899 2569 1065 2645 pecuniam
1079 2584 1144 2644 por

155 2632 239 2693 tabat
250 2638 340 2711 nrisit,
352 2643 605 2706 velutnihilaliud
618 2663 724 2725 agens,
740 2667 834 2726 quam
844 2660 879 2714 ut
891 2661 1008 2729 quanta
1019 2650 1145 2714 maxima

155 2723 265 2786 posset
285 2723 402 2816 praeda
416 2739 455 2782 ex
470 2740 505 2784 se
520 2727 643 2792 devicto
658 2733 806 2796 Romanis
820 2744 1047 2798 reservaretur.
1068 2743 1098 2796 et
1111 2734 1144 2794 ab

155 2793 293 2896 Eumene
307 2803 499 2896 lilerophon,
515 2807 629 2883 ignotis
643 2833 724 2891 quae
737 2822 858 2880 occulte
869 2828 939 2882 acta
950 2828 1048 2891 crant,
1063 2817 1143 2879 redit

155 2873 590 2978 ‘¹0⁰³pl1v1sactumcsseet
610 2895 672 2971 ipsi
693 2903 929 2977 evulgaverunt,
949 2911 981 2965 et
998 2903 1144 2964 Eumenes

155 2961 315 3020 consulem
329 2969 473 3028 vitandae
487 2973 683 3046 suspicionis
699 3001 796 3046 causa
809 2988 975 3048 certiorem
990 2988 1071 3047 iecit

239 3039 374 3104 XXVlll.
401 3049 533 3112 Perseus
557 3069 636 3129 post
659 3067 793 3131 reditum
819 3069 859 3130 ab
882 3070 1023 3131 Eumene
1046 3069 1142 3130 Hiero·

155 3115 279 3218 phontrs
295 3140 354 3199 spe
369 3129 503 3193 deiectus
519 3137 718 3211 Antenorem
738 3160 768 3214 et
782 3151 955 3228 Callippum
978 3154 1144 3229 praelectas

154 3197 267 3263 classis
282 3221 351 3305 cunr
364 3215 563 3311 quadraginta
578 3223 702 3295 lembis
717 3271 759 3281 -
780 3233 920 3300 adiectae
940 3238 982 3299 ad
1001 3237 1084 3296 hune
1096 3249 1144 3292 nu-

153 3294 271 3362 merum
287 3306 423 3369 quinque
437 3307 548 3371 pnstes
563 3317 662 3374 erant
676 3353 721 3366 -
735 3319 889 3380 Tenedum
904 3316 1010 3391 mittit,
1030 3327 1064 3380 ut
1083 3315 1145 3378 iude

154 3375 281 3434 sparsas
310 3389 366 3448 per
392 3379 540 3455 cycladas
567 3384 702 3460 insulas
729 3417 824 3464 naves
844 3401 1062 3464 Macedoniam
1085 3414 1145 3462 cum
