2368 3858
177 241 230 287 xv}
492 225 520 273 T.
542 222 620 273 Ltvu
637 223 845 274 FRAGMENTA.

226 380 263 430 (ts)
282 376 354 426 Titus
367 374 470 424 Livius:
492 375 546 424 Pisi
563 374 748 425 adtacematico
764 374 819 424 loro
836 383 979 440 praestatur
992 377 1139 438 virtutibus,

177 446 236 513 gelu
256 446 302 495 sed
319 444 398 493 multo
416 444 487 492 ocius
504 444 577 492 senio
594 443 710 492 tabescit.
738 442 802 493 Non.
819 443 905 493 Maro.
925 445 957 494 de
971 445 1092 496 inducet.
1104 461 1140 511 pe·

176 514 278 564 neribus
293 528 342 575 per
360 514 451 562 literas
466 525 494 574 p.
514 509 565 564 207
583 512 623 562 ed.
644 510 727 566 Mera.
743 509 840 582 llum
857 513 897 562 ed.
921 514 1033 563 catam.

228 587 261 638 ⁷⁰)
282 582 354 630 Titus
372 581 475 630 Livius:
502 581 581 629 vestis
599 579 686 644 pulla,
708 594 846 645 purpurea,
865 581 959 646 ampla.
986 581 1049 632 Non.
1069 581 1140 634 Marc.

177 651 195 700 t
197 653 229 700 V.
250 651 369 700 denaria
386 649 470 714 sipnif.
487 663 560 699 sema.
580 649 620 699 ed.
642 647 726 699 Mera.
742 663 770 712 p.
781 645 845 706 36&
866 651 905 700 ed.
926 650 1040 702 Gerlach.
1053 665 1082 714 p.
1093 649 1141 704 251.

228 725 261 775 71>
280 719 377 784 Vepres
394 719 494 783 generis
509 717 633 775 feminini,
648 725 676 766 ut
690 717 760 766 Titus
777 716 880 768 Livius:
899 718 946 768 bas
962 733 1060 784 vepres.
1071 721 1142 770 Gran·

176 790 260 840 maaet
271 789 360 838 incerti
371 787 403 837 de
417 787 551 850 peceribus
569 789 687 836 nominum
706 788 854 848 opuseulum.
874 787 916 837 ed.
937 785 993 837 Otto
1008 803 1035 851 p.
1053 785 1093 839 57.
1111 789 1142 850 Cf.

178 856 247 907 Ooid.
263 856 375 906 Halieut.
392 856 433 905 ed.
450 855 547 918 Haupt.
565 869 593 917 p.
613 853 672 905 102.

230 929 264 981 η)
287 939 429 976 ....verae
522 933 609 990 specta
703 923 730 972 lli
748 923 997 974 in...ratdeiu...
1015 926 1175 974 ituros...-

147 987 338 1056 'quorum...
355 993 438 1042 daeet
526 1001 567 1042 tae
585 1001 761 1043 ro...etum
837 1000 846 1040 t
865 995 1054 1058 cupi...oritu

177 1062 332 1126 Publiusque
346 1061 468 1111 Lentulus
484 1061 641 1112 Marcellinus
660 1061 750 1110 eodem
771 1067 874 1110 auctore
891 1070 1013 1124 quaestor
1028 1064 1054 1112 in
1069 1077 1145 1112 noran

177 1132 334 1197 provinciam
352 1129 463 1180 Curenas
478 1132 571 1181 missus
585 1137 631 1190 est,
650 1130 718 1192 qaod
730 1143 760 1178 ea
774 1131 867 1179 mortui
881 1131 950 1196 regis
964 1131 1071 1195 Apionis
1084 1139 1145 1180 testa-

177 1209 261 1251 mento
280 1201 354 1250 nobis
365 1199 427 1250 data
443 1200 604 1264 prudentiore
614 1213 689 1261 quam
704 1200 763 1248 illas
774 1213 820 1264 per
834 1199 917 1264 gentis
933 1206 956 1248 et
969 1200 1057 1249 minus
1067 1201 1145 1264 plamae

177 1271 247 1321 avidi
256 1271 364 1334 imperio
379 1270 546 1331 componenda
556 1268 613 1318 tuit.
632 1273 764 1332 praeterea
773 1265 929 1317 diversorum
945 1268 1066 1317 ordinum
1073 1302 1144 1320 ......

178 1342 200 1388 is
219 1339 336 1390 saevitia.
360 1351 410 1400 qna
425 1352 452 1385 re
466 1337 573 1402 latipata
590 1335 688 1401 plebes,
709 1335 774 1386 sorte
792 1337 908 1386 consules
925 1338 1010 1397 ambo,
1029 1336 1059 1395 Q.
1074 1337 1144 1386 Metel.

179 1408 241 1466 lum,
261 1408 301 1456 cui
317 1413 406 1469 postea
424 1403 522 1454 Cretico
540 1420 679 1470 cognomen
695 1405 746 1467 fuit
766 1403 805 1453 vel
825 1404 987 1454 candidatum
999 1407 1147 1468 praetorium

178 1489 249 1524 sacra
263 1476 307 1524 via
321 1474 353 1524 de
370 1474 444 1522 tectis
459 1488 516 1522 rum
531 1489 624 1539 magno
640 1473 744 1522 turnultu
759 1473 866 1532 invadit,
881 1473 1063 1538 fugientesque
1076 1483 1148 1524 secuta

178 1543 211 1593 ad
225 1540 312 1591 Octavi
329 1542 436 1604 domam,
455 1555 520 1602 quae
533 1543 640 1606 propior
654 1551 716 1606 erat,
731 1575 805 1594 .....
822 1545 938 1605 pervenit
948 1577 955 1592 .
964 1576 971 1591 .
981 1577 1004 1594 ..
1022 1558 1088 1608 pauc

177 1611 242 1662 ulter
257 1610 393 1674 ....cupit
408 1625 421 1658 e
438 1641 489 1662 ....
508 1625 543 1660 ua
558 1611 594 1661 liu
686 1613 741 1660 inco
819 1612 902 1661 ierunt
980 1613 1049 1661 mihi
1064 1613 1150 1660 ...tiae

178 1697 192 1731 c
203 1713 275 1732 .....
297 1695 425 1741 aeq...
443 1679 470 1727 bi
487 1692 521 1743 pa
616 1678 654 1732 Cf.
680 1679 763 1731 lieber
781 1679 994 1730 einBracltstriclr
1008 1677 1150 1732 des98sten

177 1749 262 1800 Bactra
281 1749 325 1798 des
343 1747 430 1798 Livias
447 1762 494 1797 aon
512 1749 541 1800 G.
553 1749 586 1799 A.
598 1749 675 1797 Perta
685 1747 774 1798 Berlin
785 1745 860 1799 1848.
885 1748 1038 1814 Kreyssipii
1049 1765 1149 1799 cannan-

177 1822 239 1870 tatio
253 1819 284 1869 de
299 1817 331 1867 P.
342 1816 410 1867 Livii
425 1815 584 1867 historiarum
598 1819 710 1882 reliquiis
723 1831 758 1866 ecc
770 1819 931 1879 palimpsesto
950 1817 1074 1868 Toletano
1087 1819 1148 1868 eratis

177 1881 395 1942 Misenae18495
419 1885 543 1934 Hrrscblcii
565 1887 700 1948 disputatio
723 1885 755 1934 cle
773 1885 819 1935 ltoo
833 1880 990 1952 fracmenta,
1017 1887 1149 1950 Zeitsrlaill

175 1960 221 2021 fiir
236 1953 513 2072 Recdtsnissenacdrpt,
530 1953 730 2020 bnauspcceben
746 1968 792 2004 van
807 1953 931 2020 Susiana,
954 1955 1092 2015 litandam,
1108 1954 1149 2004 ltr-
1182 1989 1183 1992 ,

178 2025 253 2088 dorff.
269 2026 316 2075 vol.
335 2021 393 2072 XV
404 2037 432 2085 p.
449 2019 466 2070 T
484 2021 501 2074 3
516 2039 577 2088 sqq:
598 2023 759 2086 Monanaenii,
773 2023 951 2074 Bemcltider
965 2025 1007 2074 die
1031 2023 1149 2074 Verband·

179 2097 267 2156 lancea
286 2091 333 2140 der
350 2089 474 2154 kiniqliolz
493 2091 651 2142 sachsischen
673 2091 838 2156 Geseliscltcft
857 2094 904 2144 dor
930 2093 1148 2155 Wissenselrasten.

181 2157 502 2223 Philolopr'scb-distortselte
515 2159 602 2209 Classe
616 2157 693 2216 1850.
708 2159 763 2212 III.
780 2175 809 2223 p.
825 2157 885 2213 196.

229 2233 262 2284 rs)
283 2227 314 2277 T.
325 2227 414 2275 Livius
423 2234 475 2276 tam
484 2228 586 2289 iniquus
595 2227 705 2278 Salustio
720 2227 778 2289 tuit,
789 2237 816 2279 ut
825 2231 891 2280 hauc
901 2233 983 2296 ipsam
993 2231 1149 2281 senteutiam:
1182 2279 1183 2284 ,

180 2297 230 2350 lies
239 2295 364 2345 secundae
374 2295 434 2345 orire
443 2303 501 2344 sant
508 2297 573 2346 aitiis
583 2295 701 2360 obtentui,
709 2305 838 2360 tamquam
847 2297 995 2349 translatam
1005 2309 1033 2350 et
1043 2309 1150 2362 tauquam

179 2371 323 2430 corruptam
340 2363 400 2413 dum
409 2363 567 2423 transfertur,
586 2366 694 2416 obiceret
703 2363 821 2417 Salustio.
841 2383 888 2417 nec
901 2368 949 2417 hoc
963 2383 1054 2419 amore
1065 2369 1150 2432 Thucy·

179 2435 248 2484 didis
263 2434 332 2494 lacit,
351 2441 378 2482 ut
395 2431 468 2482 illum
486 2433 621 2498 praeierat.
640 2435 736 2500 laudat,
755 2451 831 2499 quern
849 2451 900 2486 nou
917 2437 997 2498 timet,
1020 2447 1046 2488 et
1062 2437 1150 2488 facilius

177 2510 249 2570 putat
272 2517 349 2568 posse
366 2517 381 2551 a
398 2515 426 2552 se
445 2501 583 2552 Salustium
609 2504 692 2568 vinci,
717 2505 741 2552 si
760 2513 817 2554 ante
837 2521 852 2554 a
871 2505 1021 2572 Thucydide
1038 2509 1149 2557 vincatur.

179 2573 274 2624 Seneca
294 2573 407 2623 onnon.
428 2571 534 2622 XXIV.

229 2646 264 2700 tt)
283 2641 312 2690 T.
327 2641 416 2690 Livius
435 2642 466 2691 de
485 2642 635 2701 oratoribus,
657 2645 701 2705 qui
719 2642 795 2692 verba
812 2644 915 2706 antiqua
933 2649 958 2692 et
976 2645 1083 2694 sordida
1100 2658 1150 2694 con·

178 2716 315 2770 sectantur,
333 2718 357 2759 et
373 2711 494 2759 orationis
511 2711 689 2761 obscuritatem
702 2712 862 2761 severitatem
877 2719 975 2776 putant,
994 2713 1088 2772 aiebat,
1104 2711 1150 2760 Mil·

178 2779 273 2830 tiadem
293 2778 418 2828 rhetorem
443 2778 571 2842 eleganter
589 2779 700 2830 dixisse:
727 2773 789 2828 Ἐπὶ
806 2777 843 2846 τῷ
861 2778 981 2844 πλησίον
998 2780 1148 2844 μαίνονται.

177 2846 275 2897 Seneca
293 2847 406 2897 Contrua.
426 2846 516 2898 XXV.

229 2917 264 2971 to)
281 2915 308 2962 In
326 2913 374 2963 hoc
391 2915 485 2964 malum
500 2929 517 2963 a
535 2913 686 2977 quibusdam
705 2917 781 2966 etiam
800 2917 940 2966 laboratur:
967 2934 1050 2982 neque
1070 2918 1097 2968 id
1112 2931 1149 2965 no-

180 2996 237 3030 rum
256 2981 347 3031 vitium
367 2992 418 3043 est,
437 2998 515 3046 quum
529 2984 580 3032 iam
595 2985 664 3048 apud
680 2986 709 3034 T.
726 2985 827 3035 Livium
842 2987 969 3037 inveniam
991 2988 1072 3037 luisse
1087 2998 1150 3052 prae·

178 3057 307 3114 ceptorem
323 3050 441 3112 aliquem,
460 3052 503 3115 qui
514 3051 653 3117 discipulos
671 3053 814 3114 obseruare,
833 3069 898 3118 quae
915 3055 1036 3114 dicerent,
1053 3055 1148 3111 iuberet,

179 3118 274 3168 Graeco
294 3121 370 3169 verbo
389 3127 471 3181 utens,
491 3111 627 3172 σκότισον.
655 3123 723 3172 uude
741 3121 785 3172 itta
799 3123 894 3174 scilicet
911 3126 1017 3191 egregia
1031 3124 1148 3174 laudatio:

181 3187 260 3238 Tanto
269 3189 369 3238 melior:
383 3203 414 3240 ne
423 3204 468 3254 epo
477 3189 700 3256 quidemintelleaai.
715 3191 827 3254 Quinctil.
835 3191 899 3244 Inst-
909 3191 982 3244 Orat.
994 3192 1072 3252 VIII,
1081 3189 1105 3257 T,
1114 3185 1147 3241 tt.

228 3263 262 3314 to)
282 3257 340 3307 Fuit
353 3259 430 3324 igitur
450 3259 560 3308 brevitas
576 3260 620 3309 illa
636 3261 770 3319 tutissima,
786 3277 849 3324 quae
865 3262 933 3328 apud
945 3261 1046 3312 Livium
1062 3262 1088 3310 in
1104 3259 1149 3324 epi·

178 3325 244 3374 stola
259 3327 290 3375 ad
308 3327 386 3376 fllium
405 3328 507 3392 scripta,
524 3329 834 3392 legendosliemostlrenen
851 3331 1092 3396 atqueGiceranern:
1108 3337 1149 3378 aaa

176 3394 222 3451 ita,
234 3401 261 3442 nt
274 3397 376 3458 quisque
393 3404 458 3444 esset
472 3396 630 3447 Dernostlreni
643 3406 669 3446 et
681 3397 795 3448 Ciceroni
809 3401 948 3450 simillimus.
978 3401 1074 3464 Quintil.
1091 3397 1149 3446 Inst

179 3458 249 3508 Orat.
272 3461 299 3510 X
326 3465 348 3522 l,
363 3459 405 3513 39.
424 3465 479 3512 coll.
500 3463 525 3522 5,
542 3463 585 3516 20.

558 3553 765 3564 -ι--Ἦ
