2424 3872
251 223 369 286 LIBER
383 224 445 284 XL.
469 224 551 284 cAP.
566 233 648 288 9-10.
669 232 706 300 [a.
716 232 751 288 C.
764 231 824 300 18²]
982 226 1027 292 dl

65 393 114 453 quo
128 381 304 453 querentem
320 373 419 435 audis.
446 374 518 434 nihil
533 390 601 450 ego,
617 382 771 452 tamquam
786 385 955 452 accusator,
970 377 1028 438 cri·

62 460 165 521 minose
179 474 237 520 nec
252 459 345 519 dubia
359 459 545 534 argumentis
561 459 734 534 colligendo
746 476 816 536 ago.
839 462 914 536 quid
926 461 1031 523 enimc

60 551 139 620 nogat
157 559 192 604 se
212 557 282 602 cum
301 542 491 604 multitudine
510 544 636 604 venisse
657 543 697 604 ad
717 544 838 606 ianuam
854 559 968 618 meam,
989 561 1027 604 an

57 630 129 688 terro
139 627 315 688 succinctos
331 641 437 686 secum
448 627 567 688 luisset
581 642 660 703 quos
671 627 880 704 nominavero,
893 642 1027 689 arcesse.

55 720 180 787 possunt
200 708 326 786 quidem
348 709 451 770 omnia
471 711 586 772 audere
609 711 662 788 qui
682 711 743 772 hoc
762 712 830 774 ausi
850 719 937 773 sunt:
966 727 1028 772 non

55 804 144 856 tamen
156 794 315 855 audebunt
325 809 449 869 negare.
472 794 499 854 si
513 793 726 870 deprehensos
738 794 916 857 intratimen
927 809 1028 858 meum

53 893 115 938 cum
135 879 216 938 ierro
233 877 272 937 ad
286 883 316 936 te
332 877 531 949 deducerem,
551 893 616 938 rem
631 893 688 954 pro
703 880 864 942 manifesto
878 879 1028 941 haberesr

52 963 173 1023 latentes
193 977 252 1037 pro
273 959 475 1036 deprehensis
496 959 585 1020 habe.
612 961 650 1022 lt
671 977 834 1024 exsecrare
848 979 928 1025 nunc
944 963 1028 1040 cupl-

20 1091 24 1100 .
50 1045 168 1106 ditatam
182 1043 280 1120 regni,
294 1051 326 1104 et
338 1044 432 1104 turias
447 1046 596 1105 fraternas
612 1047 741 1107 concita.
763 1046 821 1107 sed
835 1063 874 1107 ne
886 1047 948 1108 sint
958 1060 1028 1107 cae-

49 1144 109 1202 cae,
122 1136 228 1205 pater,
249 1127 479 1188 exsecrationes
494 1135 580 1203 tuae,
595 1127 753 1203 discerne,
769 1128 889 1206 dispice
903 1129 1028 1191 insidia-

50 1219 139 1273 torem
170 1219 202 1272 et
229 1211 353 1287 petitum
378 1210 514 1271 insidiis:
549 1210 675 1272 noxium
700 1211 824 1274 incesse
846 1220 948 1288 caput.
977 1213 1029 1286 qui

50 1297 205 1357 occisurus
222 1296 345 1355 tratrem
360 1294 424 1368 tait,
439 1292 553 1355 habeat
565 1295 656 1356 etiam
670 1295 764 1358 iratos
776 1301 924 1372 paternos
935 1295 1028 1357 deos=

50 1379 97 1452 qui
110 1379 265 1456 periturus
280 1379 413 1439 iratemo
427 1379 546 1439 scelere
560 1377 624 1454 luit,
639 1380 813 1456 periugium
823 1379 854 1440 in
865 1380 962 1457 patris
973 1379 1028 1440 mi-

50 1462 212 1523 sericordia
223 1468 254 1522 et
267 1462 382 1522 iustitia
392 1460 513 1522 habeat.
537 1478 599 1538 quo
611 1463 692 1523 enim
706 1464 766 1525 alio
781 1465 963 1541 coniugium,
979 1465 1029 1524 cui

16 1591 18 1598 ,
53 1561 106 1606 oon
116 1547 268 1608 sollemne
281 1546 409 1606 lustrale
420 1545 573 1607 exercitus
585 1547 638 1623 tui,
653 1563 715 1608 non
727 1548 879 1610 decursus
891 1548 1028 1622 militurn,

16 1653 17 1702 3
54 1645 106 1690 oon
121 1631 243 1702 domus,
259 1644 322 1689 non
335 1631 454 1705 epulae,
470 1645 532 1690 non
547 1645 610 1690 nox
623 1630 664 1691 ad
677 1632 808 1707 quietem
820 1633 891 1692 data
901 1639 1029 1694 naturae

16 1705 18 1764 ἕ
54 1713 193 1775 malleio
207 1712 387 1774 mortalibus
401 1718 465 1773 tuta
479 1719 548 1772 esti
569 1713 596 1773 si
610 1713 675 1774 iero
687 1714 728 1774 ad
740 1716 864 1774 fratrem
875 1713 1028 1787 invitatus,

16 1837 18 1856 r
53 1797 235 1858 moriendum
250 1805 313 1865 est;
336 1797 363 1857 si
377 1811 525 1873 recepero
541 1796 618 1857 intra
631 1796 752 1857 ianuam
771 1799 950 1858 comisatum
968 1797 1029 1854 ira-

16 1905 19 1958 j
54 1885 135 1956 uem,
156 1881 351 1942 moriendum
372 1887 434 1942 ost:
462 1895 521 1940 nec
543 1879 645 1942 eundo
660 1893 718 1940 nec
734 1881 884 1940 manendo
899 1877 1028 1940 insidias

17 1961 18 1992 ³
55 1964 134 2026 evito.
157 1981 220 2040 quo
235 1980 286 2025 mc
301 1965 480 2025 conieromr
500 1962 574 2024 nihil
587 1969 710 2040 praeter
724 1962 816 2037 deos,
836 1969 938 2039 pater,
955 1967 985 2021 et
999 1966 1029 2021 te

19 2119 20 2122 Ἴ
55 2049 134 2109 colui.
162 2064 224 2108 non
238 2050 396 2110 Romanos
416 2047 517 2108 habeo
539 2047 579 2108 od
599 2063 679 2124 quos
697 2048 885 2124 coniugiam=
906 2045 1028 2123 perisse

19 2129 21 2180 ἶ
55 2140 204 2206 expetunt,
229 2132 302 2208 quia
314 2133 376 2193 tuis
391 2131 509 2193 iniuriis
525 2133 633 2205 doleo,
650 2131 721 2209 quie
741 2131 795 2192 tibi
810 2133 969 2207 ademptas
983 2137 1029 2191 tot

57 2216 152 2290 urbes,
172 2223 218 2277 tot
231 2224 348 2290 gentes,
366 2216 459 2278 modo
472 2214 620 2276 Thraciae
635 2215 812 2277 maritimam
828 2231 928 2288 oram,
950 2214 1027 2274 indi·

21 2321 22 2326 ¹
55 2313 130 2371 guor.
157 2315 216 2360 nec
230 2313 280 2358 me
294 2314 351 2360 nec
365 2305 396 2359 te
409 2298 554 2360 incolumi
567 2297 778 2361 Macedoniam
793 2315 881 2360 suam
896 2299 1028 2359 futuram

56 2389 179 2456 sperant.
203 2382 231 2444 si
246 2398 296 2443 me
307 2383 410 2444 scelus
422 2383 533 2456 imula,
547 2391 578 2443 te
589 2392 732 2445 senectus
745 2381 960 2459 absumpserit,
976 2387 1029 2440 aut
1146 2412 1151 2416 -

23 2475 25 2532 ξ
55 2480 87 2525 ne
99 2481 135 2526 ea
150 2467 275 2542 quidem
291 2473 471 2543 exspectata
485 2466 589 2540 luerit,
604 2482 707 2542 regem
721 2481 912 2541 regnumque
925 2463 1027 2524 Mace-

24 2551 26 2608 }
53 2549 155 2611 douiae
174 2567 235 2612 sua
256 2552 358 2610 lutura
377 2551 487 2611 sciunt.
519 2550 545 2610 si
561 2549 636 2624 quid
649 2558 735 2610 extra
748 2548 961 2609 Macedoniam
974 2544 1029 2604 tibi

54 2631 172 2694 domani
192 2634 406 2710 reliquissent,
427 2633 499 2695 milri
521 2648 646 2710 quoque
661 2633 693 2691 id
712 2632 850 2691 relictum
872 2629 1028 2690 crederem

54 2719 283 2794 receptaculum.
311 2725 342 2778 at
356 2717 386 2776 in
400 2713 623 2778 Macedonibus
645 2714 720 2776 satis
742 2711 888 2790 praesidii
902 2718 959 2774 est.
982 2711 1027 2772 vi-

28 2815 29 2878 ]
55 2797 116 2861 disti
128 2801 275 2862 hesterno
290 2800 341 2861 die
348 2801 500 2876 impetum
515 2801 545 2861 in
559 2815 609 2860 me
619 2800 754 2860 militum.
778 2796 850 2874 quid
862 2794 921 2858 illis
933 2796 1029 2858 deluit

29 2945 30 2958 ἢ
56 2883 105 2944 nisi
122 2886 259 2946 ienumt
285 2885 371 2960 quod
391 2883 451 2946 illis
472 2883 568 2946 defuit
587 2883 734 2956 interdiu,
757 2881 906 2944 convivae
926 2881 1027 2942 tratris

30 2989 31 2994 ¹
55 2974 135 3030 noda
150 2969 398 3045 adsumpserunt.
428 2969 502 3045 quid
516 2970 556 3030 de
569 2983 681 3044 magna
694 2973 780 3043 parte
796 2964 968 3043 principum
983 2965 1027 3026 lo·

63 3067 136 3127 quar,
157 3054 211 3130 qui
231 3054 263 3113 in
278 3053 425 3114 Romanis
440 3067 528 3128 spem
543 3067 662 3113 omnem
676 3051 829 3127 dignitatis
844 3057 875 3110 et
888 3053 1028 3111 fortunae

52 3144 223 3211 posuerunt,
238 3145 269 3198 et
284 3137 313 3196 in
330 3152 367 3197 eo
383 3134 435 3211 qui
451 3135 553 3198 omnia
567 3137 651 3212 apud
661 3136 817 3197 Romanos
830 3140 955 3211 potasti
975 3148 1027 3193 ne

54 3234 107 3292 que
124 3221 252 3282 hercule
273 3223 363 3283 istum
384 3219 456 3280 milri
476 3226 593 3281 tantum
609 3219 692 3281 iratri
706 3217 829 3291 maiori,
856 3220 913 3279 sed
926 3231 1027 3294 prope

53 3310 95 3364 cst
106 3310 139 3367 ut
151 3305 206 3365 tibi
221 3319 347 3381 quoque
361 3304 430 3380 ipsi,
445 3301 512 3378 regi
526 3309 556 3364 et
567 3301 655 3380 patri,
670 3303 852 3379 praeierant.
873 3301 932 3364 iste
946 3301 1026 3359 enim

55 3393 102 3461 est,
118 3389 207 3450 cuius
221 3386 374 3449 beneflcio
389 3401 522 3464 poenum
538 3387 590 3449 tibi
602 3394 728 3448 senatus
742 3387 867 3457 remisit,
883 3383 935 3459 qui
946 3394 1027 3440 nunc

54 3472 81 3528 ts
93 3471 129 3532 ab
145 3473 238 3533 armis
252 3471 400 3534 Romanis
415 3470 562 3549 protegit,
585 3469 637 3548 qui
651 3477 734 3532 tuam
747 3474 935 3531 senectutem
951 3462 1025 3524 obli·
