2424 3872
200 201 311 264 urana
323 200 455 263 xxxin
480 201 674 262 oanan
697 205 776 278 [ac.
789 201 850 279 ra]
976 199 1016 266 ιι

75 355 162 417 scribit.
193 351 234 414 ibi
254 354 413 415 iactantem
434 368 506 414 sese
521 360 625 414 scorto
646 353 724 413 inter
744 359 845 412 cetera
858 355 1021 432 reoubsse,

26 495 27 502 ,
74 455 143 514 quan
155 438 260 498 aeriter
273 437 469 514 quaestiones
485 437 684 509 exercuisset,
699 443 730 496 et
742 453 833 511 quam
848 439 959 499 multos
971 454 1022 499 ca·

26 527 28 580 l
71 523 123 596 pitis
137 523 288 582 damnatos
305 522 335 581 in
350 521 481 581 vinculis
493 519 627 595 baberet,
644 535 725 596 quos
740 520 841 584 securi
856 536 1021 595 percussu·

25 585 28 706 ι
70 622 110 666 ms
126 612 208 666 esset
236 613 300 665 tum
320 605 403 666 illam
417 604 495 665 intra
509 619 578 664 eum
593 604 793 672 accubantem
809 619 943 679 negasse
958 623 1022 666 uun-

25 707 26 740 ι
71 705 141 763 quam
158 687 272 750 vidisse
287 703 474 765 quemquam
488 687 590 749 securi
605 687 779 761 ferientem,
795 695 826 748 et
840 689 977 762 pervelle
990 689 1022 749 id

69 771 159 832 videre.
188 773 236 832 hic
249 773 458 848 indulgentem
473 778 638 833 amatorem
652 788 746 832 unum
769 771 883 832 axillis
900 772 1021 832 miseris

68 855 152 915 attrahi
166 855 281 917 iussum
296 856 398 917 securi
413 855 617 932 percussisse.
639 855 772 928 lacinus,
789 855 855 916 sive
866 871 906 917 eo
917 856 1020 932 modo,

68 954 113 1015 quo
131 954 233 1000 censor
253 940 382 1013 obiecit,
407 941 475 1000 sive
494 947 528 1000 ut
546 940 690 1000 Valerius
712 939 803 1000 tradit
823 940 1021 1001 commissum

25 1089 27 1110 Ι
66 1030 113 1094 est,
130 1039 247 1084 saevum
263 1029 358 1100 atque
373 1030 476 1086 abore
498 1024 575 1083 inter
595 1025 708 1098 pocula
722 1030 813 1098 atque
828 1024 951 1100 epulas,
967 1023 1018 1085 ubi

25 1115 26 1118 ’
65 1105 139 1166 libare
151 1107 206 1169 diis
220 1108 338 1184 dapes,
353 1106 404 1166 ubi
419 1107 497 1168 bene
512 1108 631 1182 precari
646 1123 715 1168 mos
730 1114 827 1180 esset,
844 1106 884 1168 ad
899 1114 1020 1183 specla-

67 1189 145 1252 culum
157 1192 249 1253 soorti
264 1191 424 1268 procacis,
444 1192 475 1251 in
496 1191 567 1251 sinu
587 1190 724 1252 consulis
745 1189 937 1263 recubantis,
957 1207 1020 1250 ma·

25 1269 27 1370 l
66 1279 152 1334 obtem
164 1275 328 1336 humanum
343 1274 1020 1349 victimamesseetcruoromensamresper-

25 1375 27 1430 ι
67 1364 127 1416 saut
151 1359 179 1418 in
193 1367 333 1420 extrema
346 1359 485 1420 oratione
500 1357 623 1418 Catonis
645 1356 788 1418 condicio
803 1355 942 1431 Quinctio
961 1357 1020 1417 ler-

25 1435 27 1514 l
66 1448 112 1514 tur,
130 1449 157 1501 ut
176 1443 201 1503 si
223 1443 256 1504 id
278 1445 390 1504 facturn
411 1448 538 1517 negaret
558 1448 722 1516 ceteraque
743 1456 823 1515 quae
844 1440 1019 1517 obiecisset,

25 1521 28 1658 ι
66 1525 206 1598 sponsione
217 1527 497 1591 defenderetsesa=
513 1525 561 1586 sin
573 1527 730 1600 fateretur,
745 1525 952 1600 ignominiane
963 1542 1021 1586 sua

25 1663 29 1682 ,
67 1622 222 1686 quemquam
237 1611 404 1672 doliturum
420 1617 574 1685 censeret,
590 1625 660 1670 cum
681 1610 750 1685 ipse
764 1609 838 1671 vino
854 1617 884 1671 et
896 1609 1020 1669 Venere

25 1693 26 1760 ζ
59 1704 147 1754 amens
159 1693 311 1770 sanguine
326 1693 458 1754 hominis
471 1693 503 1752 in
523 1693 665 1754 convivio
679 1693 827 1754 lusissett

125 1776 223 1838 XLIV.
244 1779 282 1838 ln
304 1777 439 1853 equitatu
460 1776 714 1851 recognoscendo
729 1775 763 1833 L.
780 1775 917 1851 Scipioni
930 1775 1016 1835 Asia·

64 1859 115 1932 geni
136 1861 297 1937 ademptus
319 1863 428 1936 equus.
466 1861 496 1919 in
518 1859 662 1920 censibus
684 1873 810 1934 quoque
830 1858 1020 1933 accipiendis

64 1940 134 2003 bistis
156 1951 184 2004 et
208 1960 325 2024 aspera
342 1944 372 2004 in
393 1959 500 2004 omnes
527 1943 652 2003 ordines
679 1956 811 2005 censura
831 1941 894 2000 luit.
931 1955 1020 2000 ornan

64 2033 141 2086 uena
152 2036 181 2089 et
190 2035 311 2090 vestem
322 2027 499 2088 muliebrem
512 2033 543 2088 et
558 2025 712 2098 vehicula,
730 2039 809 2100 quae
820 2023 917 2102 pluris
929 2039 1020 2098 quam

66 2108 212 2182 quindecim
226 2112 344 2173 milium
364 2111 445 2172 aeris
466 2118 572 2172 esseut
592 2111 712 2172 Mens
728 2111 828 2185 pluat
847 2108 1020 2170 incensum

63 2191 153 2254 reione
165 2196 318 2258 iuratores
335 2196 441 2266 iussit;
462 2195 533 2256 item
557 2193 711 2270 mancipia
733 2192 851 2254 minora
870 2191 959 2253 annis
975 2192 1019 2252 vi·

64 2273 133 2351 giuti,
147 2295 224 2354 quae
241 2286 317 2357 post
330 2279 502 2355 proximum
523 2279 651 2340 lustrum
671 2278 781 2338 decem
799 2276 922 2338 milibus
937 2277 1018 2336 aeris

65 2365 102 2418 aut
116 2376 149 2422 eo
161 2364 259 2439 pluris
273 2362 447 2438 venissent,
462 2363 505 2424 uti
519 2378 557 2424 ea
570 2376 695 2439 quoque
714 2359 840 2438 deciens
853 2367 938 2421 tanto
953 2361 1019 2436 plu·

64 2440 95 2501 ιιι
106 2460 186 2519 quam
204 2447 311 2525 quanti
328 2455 436 2510 essent
451 2447 696 2520 aestimarentur,
707 2452 738 2505 et
751 2445 800 2504 his
815 2443 908 2506 rebus
923 2444 1021 2503 omni-

64 2520 188 2592 busterni
206 2533 238 2592 in
256 2532 339 2592 milia
359 2531 440 2593 aeris
460 2530 702 2593 attribuerentur.
733 2544 845 2602 aquam
866 2526 1019 2603 publicam

66 2622 161 2674 omnem
176 2616 206 2675 in
223 2617 376 2691 privatum
389 2615 563 2676 aedificium
582 2621 634 2675 aut
655 2627 761 2688 agrum
780 2609 926 2670 fluentem
947 2608 1019 2667 ade-

65 2705 173 2769 merunt,
194 2706 224 2760 et
245 2715 326 2776 quae
345 2697 376 2759 in
391 2700 461 2760 loca
478 2697 602 2776 publica
620 2695 816 2755 inaedificata
835 2691 1021 2752 immolitave

66 2777 152 2848 pnvati
164 2782 332 2857 habebant,
347 2782 426 2844 intra
440 2783 507 2844 dies
521 2780 644 2857 triginta
659 2776 794 2839 demoliti
816 2782 896 2838 sunt.
926 2791 1021 2852 opera

66 2857 154 2924 deiude
167 2866 309 2927 iacienda
331 2882 370 2926 ex
391 2868 515 2927 decreta
536 2866 567 2925 in
588 2879 657 2924 eam
676 2877 742 2923 rem
762 2861 910 2939 pecunia,
932 2861 1019 2921 lacus

24 2911 26 2986 f
67 2949 224 3012 sternendos
241 2951 359 3025 lapide,
382 2949 648 3024 detergendasque
664 2961 725 3024 qua
741 2961 822 3022 opus
838 2951 923 3007 esset
937 2945 1019 3006 cloa-

24 2999 29 3098 Ῑ,
67 3029 323 3100 salamantino
340 3041 370 3094 et
385 3033 414 3093 in
434 3033 502 3096 aliis
517 3031 669 3108 partibus,
691 3046 752 3105 qua
771 3030 907 3093 nondum
925 3036 1019 3102 erant,

68 3107 200 3177 iaciendas
220 3118 417 3178 locaverunt„
455 3125 485 3177 et
505 3114 669 3193 separatim
690 3113 819 3176 Flaccus
847 3113 958 3174 molem
980 3111 1020 3172 ad

24 3181 26 3214 ⁸
68 3189 208 3270 Neptunias
223 3217 335 3277 aquas,
350 3201 454 3263 utitor
469 3202 586 3282 populo
608 3205 709 3271 esset,
731 3205 762 3259 et
781 3198 862 3258 viam
878 3213 934 3272 per
945 3195 1020 3263 For-

67 3277 176 3344 mianum
196 3292 342 3361 montem‚
366 3285 438 3346 cato
459 3285 535 3345 atria
555 3285 616 3346 duo
637 3282 789 3347 Maenium
813 3281 969 3342 etlilium
989 3278 1020 3336 in

24 3405 26 3458 Ι
69 3356 212 3442 lautumiis,
228 3376 257 3429 et
271 3377 414 3445 quattuor
427 3367 572 3430 tabernas
592 3368 623 3428 in
643 3365 797 3443 publicum
815 3365 900 3437 emit,
916 3358 1020 3424 basill-

24 3485 45 3856 Ἣ
69 3455 175 3525 temque
188 3452 229 3512 ibi
243 3453 327 3531 lecit,
346 3469 425 3532 quae
439 3453 548 3514 Porcia
563 3451 717 3528 appellata
730 3456 787 3511 est.
818 3455 848 3508 et
860 3441 1020 3517 vectigalia
