2368 3858
171 215 235 278 290
332 215 447 276 blBER
461 215 551 274 xlv.
575 213 658 273 CAP.
673 221 772 275 atas.
796 218 991 286 [sucosa]

167 373 319 445 possenti
341 365 416 441 quid
430 364 549 424 interim
564 363 675 424 obiecit
690 363 775 438 quod
788 363 822 422 L.
836 363 958 437 PauluS,
981 363 1007 422 si
1023 378 1134 422 causam

167 454 257 524 dicat,
273 457 415 525 negatum
430 447 524 508 veliti
538 449 616 509 duas
631 447 703 507 mihi
719 449 830 522 aliquis
846 448 1006 508 contiones
1026 463 1133 521 parurn·

167 552 224 613 per
239 535 338 607 iaciat,
353 549 446 593 unam
460 533 584 592 militum
599 531 880 602 Macedonicorum,
897 547 1006 606 puram
1021 532 1135 590 alteram

168 617 341 694 integrioris
361 615 465 676 iudicii
487 624 517 676 et
536 616 676 675 atavora
691 624 721 675 et
736 614 818 690 odio,
834 616 978 675 universo
994 614 1136 674 iudicante

167 704 283 780 populo
304 703 460 762 Romanor
493 700 577 774 apud
604 700 776 759 contionem
797 706 928 773 togatam
950 706 980 759 et
999 699 1136 758 urbanam

167 787 254 864 prius
265 801 316 846 res
329 791 445 860 agatur.
458 784 532 860 quid
544 801 560 842 a
564 784 629 859 pud
640 782 770 856 Quirites
782 784 951 856 Romanos,
964 781 1031 843 Ser.
1045 782 1135 855 Galba,

168 873 309 932 diceres?
329 870 380 928 illa
394 868 474 928 enim
488 867 541 927 tibi
556 874 619 928 tota
633 867 757 928 abscisa
778 868 875 928 oratio
890 873 976 929 esset
994 913 1013 940 ,‚
1021 867 1074 939 „in
1089 874 1136 926 sta-

167 956 249 1016 tione
271 953 411 1014 severius
432 961 463 1013 et
485 951 628 1012 intentius
643 951 792 1021 institisti;
820 951 943 1026 vigiliae
959 949 1100 1010 acerbius
1114 957 1137 1008 et

168 1037 341 1113 diligentius
362 1036 537 1097 circumitae
559 1044 645 1105 sunt;
675 1036 778 1111 operis
800 1036 870 1110 plus
893 1051 986 1112 quarn
1001 1035 1136 1094 anteaie

168 1123 250 1195 cisti,
275 1137 341 1181 curn
363 1121 432 1197 ipse
454 1122 627 1218 imperator·
639 1126 673 1180 ut
687 1124 813 1179 exactor
828 1120 1016 1189 circumiret,
1039 1119 1137 1178 eodem

168 1207 217 1267 dio
237 1213 269 1268 et
288 1206 345 1266 iter
365 1204 464 1265 iecisti
486 1212 516 1265 ct
536 1206 567 1264 in
583 1204 678 1264 aciem
693 1219 733 1263 ex
747 1191 856 1264 itinere
870 1205 977 1265 ductus
990 1221 1032 1264 es.
1053 1219 1091 1263 ne
1103 1199 1137 1259 vi-

169 1298 283 1352 ctorem
299 1290 423 1364 quidem
438 1296 467 1349 te
483 1290 682 1364 acquiescere
699 1304 813 1362 passus
828 1295 891 1349 est·
911 1288 1014 1350 statim
1024 1287 1065 1346 ad
1079 1301 1136 1361 per

167 1375 346 1450 sequendos
367 1373 474 1434 hostes
497 1374 592 1433 duxit.
621 1389 689 1432 cum
713 1379 741 1433 te
756 1373 873 1447 praeda
887 1372 1050 1447 partienda
1065 1372 1134 1430 locu

168 1459 279 1532 pletem
300 1459 403 1516 lacere
423 1465 546 1532 posset,
572 1457 732 1532 pecuniam
759 1457 874 1530 regiam
894 1459 1101 1520 translaturus
1114 1455 1138 1514 in

168 1540 318 1615 triumpho
335 1547 382 1600 est
397 1546 426 1600 et
439 1542 469 1599 ln
486 1543 636 1601 aerarium
650 1544 824 1601 laturus.““
840 1543 916 1602 baec
931 1544 1010 1603 sicut
1023 1543 1062 1601 ad
1074 1541 1138 1600 mili·

166 1632 229 1686 turn
256 1625 375 1686 animos
402 1625 605 1686 stimulandos
627 1627 759 1700 aliquem
782 1627 922 1686 aculeum
942 1625 1072 1699 babent,
1096 1621 1139 1699 qui

166 1725 274 1784 parurn
290 1709 438 1782 licentiae,
455 1725 564 1784 parurn
576 1710 721 1769 avaritiae
732 1727 807 1771 suae
819 1711 1000 1770 inservitum
1013 1716 1138 1779 censent

165 1795 206 1854 ita
217 1794 299 1869 apud
311 1794 459 1870 populum
470 1794 641 1854 Romanum
654 1793 919 1868 nibilvuluissent,
936 1797 989 1870 qui
1000 1800 1036 1854 ut
1046 1800 1137 1853 vetera

165 1885 257 1953 atque
268 1879 371 1938 audita
382 1893 401 1936 a
411 1878 589 1953 parentibus
602 1877 667 1938 suis
681 1894 741 1937 non
753 1886 879 1952 repetat,
892 1893 973 1953 quae
984 1875 1139 1937 ambitione

165 1961 380 2037 imperatorum
396 1962 500 2022 clades
515 1968 662 2036 acceptae
676 1961 745 2034 sint,
762 1977 842 2037 quae
854 1963 1018 2021 severitate
1030 1953 1139 2036 imperit

164 2045 311 2106 victoriae
333 2052 454 2119 partae,
477 2046 617 2118 proximo
639 2052 720 2105 certe
741 2045 857 2105 Punico
878 2045 959 2105 bello
982 2043 1057 2120 quid
1072 2046 1139 2104 inter

164 2128 204 2186 Μ.
219 2128 385 2186 Minucium
400 2128 577 2202 magistrum
592 2130 728 2204 equiturn
743 2137 773 2188 et
784 2129 817 2202 Q.
828 2129 955 2189 Fabium
968 2129 1138 2188 dictatorem

165 2210 332 2270 interfuerit
345 2211 488 2270 meminit.
510 2211 612 2286 itaque
627 2221 839 2274 accusatorem
853 2212 884 2271 id
902 2212 983 2272 scire
998 2212 1139 2286 potuisse,

165 2301 194 2354 et
216 2309 478 2368 supervacaneam
500 2295 710 2356 defensionem
731 2297 816 2358 Pauli
837 2296 945 2357 luisse.
974 2301 1139 2356 transeatur

164 2377 204 2436 ad
219 2378 344 2438 alteram
356 2378 545 2450 contionem;
562 2395 619 2440 nec
632 2379 763 2453 Quirites
775 2397 834 2442 vos
845 2380 902 2441 sed
913 2379 1026 2440 milites
1038 2380 1139 2440 videor

164 2463 389 2537 appellaturus
413 2462 439 2522 si
461 2479 573 2524 nomen
595 2464 655 2524 hoc
676 2466 782 2524 saltem
805 2465 949 2525 ruborem
965 2465 1099 2524 incutere
1113 2469 1139 2521 et

165 2547 381 2606 verecundiam
394 2548 526 2623 aliquam
537 2547 730 2624 imperatoris
744 2549 1009 2610 violandiadierre
1018 2547 1129 2623 possit‘
1122 2549 1139 2578 ‘⁴

162 2630 323 2690 XXXVIII.
345 2632 538 2705 „equidem
529 2649 598 2708 ipsc
620 2633 706 2694 aliter
721 2632 848 2694 allectus
853 2634 966 2726 animo
983 2649 1066 2705 suni,
1090 2628 1139 2706 qui

164 2715 247 2789 apud
263 2716 428 2776 exercitum
444 2716 517 2776 milri
532 2716 616 2790 loqui
629 2716 743 2791 videar,
760 2733 851 2792 quam
853 2690 956 2791 paulo
969 2725 1040 2777 ante
1052 2729 1137 2786 eram,

164 2814 232 2858 cum
259 2800 299 2858 ad
325 2798 445 2874 plebem
470 2801 616 2860 urbanam
641 2799 801 2876 spectabat
820 2801 927 2862 oratio.
960 2801 1034 2875 quid
1056 2798 1137 2860 etiarn
1181 2827 1183 2870 ι

163 2881 280 2953 dicitis,
304 2882 436 2941 milites?
458 2883 569 2958 aliquis
585 2891 634 2944 est
652 2884 783 2959 Romae,
807 2893 894 2960 praet
895 2899 928 2944 er
941 2884 1070 2956 Persea,
1091 2879 1135 2958 qui
1180 2879 1183 2894 “

163 2964 342 3038 triumphari
357 2965 397 3024 de
410 2966 631 3028 Macedonibus
647 2967 736 3029 nolit=
752 2975 866 3029 etcum
880 2985 941 3028 non
957 2969 1067 3028 iisdem
1080 2981 1135 3026 ma·

162 3048 252 3108 nibus
270 3049 442 3124 discerpitis
459 3052 571 3127 quihus
585 3052 773 3112 Macedonas
788 3052 927 3114 vicistis?
946 3053 1072 3112 vincere
1084 3063 1134 3109 vos

163 3132 387 3209 prohibuisset,
409 3134 436 3195 si
451 3137 618 3212 potuisset,
641 3138 694 3212 qui
708 3137 930 3212 triumphantes
944 3137 1052 3197 urbem
1067 3132 1135 3194 inire

163 3217 313 3294 prohibet.
335 3221 458 3293 erratis
480 3220 605 3292 milites,
627 3220 654 3279 si
668 3221 853 3296 triumphum
870 3219 1063 3295 imperatoris
1077 3223 1133 3278 tan·

163 3310 276 3362 tumet
299 3320 361 3362 non
381 3304 507 3363 militum
530 3319 655 3379 quoque
677 3312 707 3365 et
726 3304 864 3365 universi
885 3303 993 3380 populi
1014 3297 1133 3364 Romani

163 3399 235 3444 esse
251 3385 346 3446 decus
362 3387 505 3446 censetis.
528 3403 590 3446 non
605 3387 697 3448 unius
713 3389 743 3446 in
758 3389 818 3448 hoc
829 3388 929 3460 Pauli;
947 3388 1032 3448 multi
1043 3387 1133 3452 etiam,

162 3467 213 3538 qui
228 3469 266 3528 ab
288 3475 397 3528 senatu
411 3485 472 3528 non
494 3469 693 3542 impetrarunt
708 3471 905 3546 triumphurn,
926 3471 954 3530 in
974 3477 1075 3531 monte
1088 3467 1132 3527 Al·
