2328 3870
114 113 1032 204 Mtfflfflfflmmffl'

118 288 264 364 pervicax
280 286 391 350 multos
406 283 622 357 absumpserat
635 282 792 356 Ligurum,
808 289 839 342 et
853 281 883 342 in
897 281 970 356 luga
984 285 1114 356 passim

118 371 201 434 caesi
221 376 301 434 sunt.
336 368 443 432 decem
463 365 546 428 milia
564 364 721 428 hominum
737 380 829 426 caesa
842 364 1019 438 traduntur,
1042 381 1112 428 am-

118 457 200 531 plius
216 449 401 528 septingenti
415 449 531 524 passim
547 449 638 524 capti,
653 449 743 524 sigua
756 449 896 511 militaria
909 450 1007 511 relata
1016 458 1112 510 octo·

118 540 201 613 ginta
216 537 288 599 duo.
321 549 378 597 nee
393 534 552 598 incruenta
565 532 695 594 victoria
710 533 780 594 tuit:
802 531 933 608 emptus
948 532 1006 594 triu
1021 532 1114 594 milia

118 622 244 686 militurn
259 618 388 690 antisse,
406 633 476 680 cam
491 616 672 680 cedentibus
687 616 803 678 neutris
818 632 858 678 ex
872 622 959 692 parte
971 621 1114 692 utraque

117 706 269 781 primores
291 702 444 766 caderent
474 699 555 760 v111.
585 699 756 775 posthanc
777 715 965 774 pugnanter
979 699 1114 762 diversa

118 790 191 862 tuga
212 787 243 850 iu
264 801 358 851 uuum
379 783 499 847 collecti
512 783 657 858 Liguras,
680 799 749 846 cum
762 782 908 848 maiorem
921 784 1019 846 multo
1034 799 1113 858 par·

117 880 178 936 tem
203 868 315 936 civium
340 867 487 932 amissam
514 883 606 942 quarn
627 883 797 942 superesse
820 873 1033 930 cernerent-
1049 882 1114 927 nec

117 955 197 1015 enim
209 955 279 1027 plus
292 952 400 1015 decem
409 949 656 1018 milichominutn
667 959 816 1025 aroniim
827 950 1014 1012 dediderunt
1023 965 1112 1024 sese,

91 1037 92 1040 ’
119 1037 192 1104 nihil
214 1033 339 1110 quidem
359 1035 402 1100 iili
419 1034 515 1110 pactu
543 1041 746 1109 speraverant
762 1042 862 1098 umen
883 1049 944 1096 non
965 1034 1112 1096 atrocius

120 1133 212 1195 cunm
226 1119 405 1194 superiores
419 1119 620 1192 mperatores
635 1118 793 1182 consulum
808 1117 838 1178 in
853 1133 889 1180 se
904 1117 1112 1180 saeviturum.

118 1211 149 1266 at
163 1205 213 1266 ille
227 1218 312 1270 arma
326 1202 467 1269 omnibus
484 1200 611 1274 ademit,
626 1199 775 1278 oppidum
790 1200 889 1273 diruit.
905 1201 994 1278 ipsos
1007 1201 1112 1262 bona

84 1327 87 1334 -
119 1304 179 1363 que
200 1301 306 1350 eorum
327 1285 480 1354 vendidit;
502 1286 681 1360 litterasque
696 1283 823 1346 senatui
845 1284 995 1347 derebus
1013 1284 1056 1344 ab
1074 1301 1112 1346 se

117 1370 213 1445 gestis
227 1369 318 1431 misit
341 1385 419 1442 quas
435 1383 505 1428 cum
515 1369 553 1428 A.
564 1368 675 1430 Atilius
691 1374 815 1444 praetor
831 1368 861 1428 in
876 1367 960 1430 curia
972 1369 1109 1430 recitas·

118 1459 296 1515 set-nam
318 1453 428 1513 consul
447 1453 523 1518 alter
539 1450 714 1514 Postumius
735 1451 818 1526 agris
838 1453 1112 1526 recognoscendis
1158 1466 1160 1469 ·

117 1537 148 1594 in
163 1534 329 1609 Campania
344 1539 513 1608 occupatus
528 1532 635 1598 aberat
644 1567 701 1609 -,
717 1539 805 1598 atrox
818 1549 869 1595 res
890 1534 957 1596 visa
971 1536 1112 1610 senatui,

118 1617 305 1692 Statellates‚
327 1615 381 1692 qui
400 1618 453 1677 uni
467 1633 507 1677 ex
521 1616 667 1691 Ligurum
681 1626 772 1692 gente
786 1635 847 1679 non
863 1619 1006 1680 tulissent
1018 1635 1112 1680 arnra

117 1703 268 1764 adversus
283 1703 450 1788 Romanos,
465 1707 528 1763 turn
544 1716 670 1776 quoque
684 1710 879 1778 oppugnatos
891 1717 952 1764 non
964 1703 1049 1764 ultro
1063 1701 1110 1762 in·

117 1787 249 1846 terentes
261 1783 389 1859 bellum,
406 1785 526 1848 deditos
542 1785 572 1846 in
587 1785 681 1849 fidem
695 1785 801 1861 populi
815 1786 945 1846 Romani
959 1785 1049 1846 omni
1064 1789 1111 1848 ul·

116 1871 207 1930 timae
229 1869 416 1933 crudelitatis
438 1870 580 1943 exemplo
595 1869 747 1932 laceratos
762 1883 798 1932 ac
813 1869 930 1930 deletos
946 1885 1038 1942 esse,
1064 1877 1112 1932 tot

116 1951 198 2014 milia
221 1951 356 2028 capitum
376 1950 585 2025 innoxiorum,
606 1951 697 2014 fidem
712 1951 904 2028 implorantis
917 1951 1027 2028 populi
1044 1955 1110 2016 Re-

116 2037 207 2110 mant,
223 2051 262 2096 ne
279 2037 348 2110 quis
359 2052 505 2110 umquam
518 2052 553 2096 se
564 2043 675 2111 postea
686 2036 800 2098 dedere
811 2037 946 2111 auderet,
960 2039 1111 2112 pessimo

117 2120 260 2192 exemplo
284 2120 424 2192 venisse,
450 2124 482 2178 et
501 2120 666 2183 distractos
690 2121 808 2195 passim
832 2119 920 2180 iustis
944 2122 1110 2196 quondam
1160 2130 1161 2133 ’

115 2201 256 2264 hostibus
271 2203 379 2276 populi
392 2202 522 2263 Romani
537 2209 665 2277 pacatos
676 2205 801 2264 servire.
825 2219 903 2278 quas
915 2204 955 2266 ob
966 2221 1020 2265 res
1039 2205 1109 2280 pla·

116 2299 187 2346 cere
200 2285 320 2348 senatui
330 2284 370 2348 lt.
382 2285 543 2359 Popillium
559 2288 716 2348 consulem
726 2287 855 2362 Ligures
870 2288 968 2362 pretio
982 2296 1109 2363 empto·

115 2367 200 2428 ribus
221 2368 341 2430 reddito
362 2369 449 2444 ipsos
470 2369 631 2432 restituere
652 2370 682 2432 in
701 2369 886 2444 libertatern,
907 2372 1058 2448 bonaque
1074 2380 1111 2436 ut

114 2451 167 2525 iis,
195 2449 345 2527 quidquid
371 2451 441 2518 eius
463 2454 629 2528 reciperari
648 2452 763 2528 possit,
787 2455 954 2523 reddantur
975 2471 1112 2518 curares

114 2551 199 2596 arma
214 2551 340 2612 queque
354 2536 499 2612 adempte
511 2537 634 2607 reterrie
655 2553 712 2600 nec
725 2545 794 2598 ante
806 2539 965 2600 consulem
976 2539 1018 2602 de
1029 2555 1107 2614 pro-

114 2619 215 2682 vincia
228 2619 382 2684 decedere
397 2637 490 2696 quam
505 2621 625 2685 deditos
640 2619 671 2680 in
686 2621 792 2684 sedem
807 2637 896 2684 suam
906 2621 1041 2697 Ligures
1056 2639 1108 2684 re-

114 2703 273 2767 stituisset.
307 2704 423 2770 claron
435 2703 597 2778 victoriam
612 2704 765 2766 vincendo
779 2713 1014 2780 oppugnantes„
1038 2723 1107 2768 non

114 2787 281 2854 stertendo
297 2786 330 2848 in
343 2786 485 2852 addictos
501 2787 576 2851 lieri.
604 2787 654 2850 tx.
677 2789 786 2848 consul
802 2804 863 2864 qua
876 2787 994 2850 ferocia
1008 2790 1107 2851 animi

113 2884 189 2934 usus
211 2876 277 2931 arat
296 2869 330 2938 ip,
340 2869 531 2944 Liguribus,
542 2871 649 2934 eadem
663 2871 701 2930 ad
718 2887 780 2931 uon
795 2873 965 2946 parendum
979 2873 1106 2934 senatui

113 2951 177 3015 tuit.
201 2950 379 3026 legionibus.
390 2953 545 3028 extemplo
558 2951 648 3021 Pisas
662 2954 693 3013 in
706 2953 905 3020 hibernacula
918 2956 1024 3016 missis
1041 2955 1104 3016 ira·

112 3043 161 3094 tus
182 3035 337 3109 patribus,
359 3034 488 3098 infestus
510 3037 645 3111 praetori
658 3038 787 3100 Romam
807 3039 901 3109 redit;
924 3046 1106 3114 senatuque

10 3140 13 3158 »
114 3119 268 3194 extemplo
290 3120 330 3180 ad
345 3119 454 3182 aedem
466 3120 614 3182 munnae
627 3129 753 3196 vocato,
775 3123 877 3188 multis
892 3121 999 3183 verbis
1013 3123 1103 3183 inue-

112 3208 180 3264 ctus
195 3203 288 3265 estin
303 3209 487 3280 praetorem,
503 3203 556 3280 qui
571 3219 641 3267 curn
654 3205 694 3266 ob
709 3221 774 3266 rem
787 3207 870 3267 bello
883 3206 963 3271 bene
974 3213 1103 3282 gestam

111 3287 155 3346 uti
169 3285 228 3349 diis
243 3283 464 3351 immortalibus
479 3289 582 3350 honos
594 3288 758 3354 baberetur
769 3291 886 3350 reterre
900 3289 940 3350 ad
955 3296 1102 3350 senatum

111 3369 286 3446 debuisset,
306 3371 457 3432 adversus
478 3388 589 3450 supro
610 3373 751 3435 hostibus
772 3381 898 3435 senatus
920 3375 1100 3436 consultum
