2328 3870
209 161 322 224 LIBER
334 163 422 224 XLII.
443 163 526 224 CAP.
540 172 568 226 a.
582 169 609 227 7.
632 169 669 237 [a.
680 169 788 238 (3.173]
929 163 992 230 135

6 341 7 358 2
40 315 162 392 temporis
175 314 267 390 gratia
280 315 343 390 regi
358 314 454 376 fieret.
476 316 590 375 donum
600 321 761 390 praeterea
772 315 901 391 adieme,
918 332 992 378 vasa

7 460 10 474 ,
40 416 113 462 aurea
131 396 320 475 quingentum
340 398 456 474 pondo.
489 405 594 474 petere
614 411 733 472 regem,
753 405 801 473 ut,
822 415 992 475 quaecum

42 490 107 560 patre
119 498 172 542 suo
187 483 318 543 societas
333 488 427 557 atque
441 481 571 542 amicitia
586 482 710 556 linisset,
728 487 768 542 'ea
781 498 887 544 secum
902 497 991 544 reno-

43 573 144 641 laetor,
159 567 383 641 imperaretque
395 563 455 625 sibi
470 567 604 641 populus
618 566 791 640 Romanus,
815 581 895 643 quae
911 568 992 629 bono

42 649 156 725 idolique
176 649 263 710 socio
284 649 349 724 regi
369 654 476 709 essent
495 649 689 724 imperandae
711 666 747 711 se
762 651 845 711 nullo
861 666 993 727 usquam

6 781 7 788 ,
39 733 338 794 casatorum'offlcio.
370 747 408 792 ea
428 733 535 797 merita
553 733 584 793 iu
599 748 635 792 se
649 740 776 795 senatus
790 734 902 809 luisse,
923 749 994 796 eum

40 819 127 877 Romae
143 824 234 892 esset,
250 832 319 877 earn
333 818 505 877 comitatem
518 817 699 892 iuventutis,
714 826 747 878 ut
760 833 818 893 pro
831 832 915 894 rege,
931 835 994 880 non

39 915 81 976 pro
97 901 196 961 obside
211 901 355 962 omnibus
371 899 530 961 ordinibus
545 900 643 961 iuerit
675 901 784 976 legatis
800 901 931 978 benigne
945 919 994 963 re·

39 1001 167 1060 sponsum,
181 992 213 1045 et
223 985 403 1044 societatem
412 999 564 1044 renouare
575 999 644 1044 oum
655 985 817 1057 Antiocho,
833 1000 995 1062 quaecum

38 1076 102 1142 pauo
113 1070 175 1129 eius
189 1069 300 1141 iuerat,
314 1069 352 1127 Α.
364 1066 476 1127 Atilius
487 1075 612 1142 praetor
622 1069 758 1129 urbanus
768 1068 882 1129 iussus.
900 1084 993 1145 qnae

6 1163 7 1218 3
38 1157 115 1212 stores
124 1152 230 1213 urbani
242 1149 438 1225 stipendium,
446 1167 523 1212 vasa
533 1166 627 1210 aurea
640 1151 787 1212 censoies
799 1161 993 1228 acceperunt,

6 1225 8 1302 i
38 1234 122 1310 cisque
145 1235 301 1310 negotium
327 1235 431 1296 datum
456 1241 519 1307 est,
545 1240 578 1293 ut
602 1242 753 1308 ponerent
772 1250 810 1294 ea
830 1233 861 1294 in
882 1234 995 1312 quibus

37 1318 133 1394 templis
150 1318 321 1388 videretur;
347 1325 440 1395 atque
454 1319 555 1393 legato
570 1327 691 1379 centum
706 1318 819 1378 milium
834 1319 915 1379 aeris
931 1334 995 1379 mu-

6 1343 9 1514 t
37 1418 80 1462 nus
91 1403 219 1476 missum,
235 1411 267 1463 et
282 1402 377 1462 aedes
392 1402 507 1462 liberae
521 1402 656 1477 hospitio
671 1403 775 1474 datae,
791 1409 996 1477 sumptusque

6 1521 8 1566 ss
37 1484 161 1562 uocaus,
175 1488 278 1547 donec
293 1485 322 1546 in
335 1486 421 1546 ltalia
431 1493 523 1546 esset
546 1486 646 1561 legati,
659 1486 711 1562 qui
723 1486 753 1546 in
765 1485 856 1564 Syria
867 1488 995 1560 lucrant,

6 1569 7 1620 l
37 1571 262 1631 renuntiaverunt
282 1571 312 1629 in
333 1569 466 1630 maximo
488 1585 557 1630 eum
571 1570 690 1632 honore
707 1570 790 1648 apud
804 1585 908 1645 regem
923 1585 995 1630 esse

37 1651 291 1728 amicissimumque
307 1655 422 1728 populo
436 1654 585 1715 Romano.

6 1743 7 1776 ³
99 1739 158 1798 Vll.
180 1738 214 1796 ln
232 1737 400 1813 provinciis
421 1752 459 1797 eo
483 1754 562 1798 anno
577 1737 664 1798 haee.
692 1737 723 1797 c.
739 1736 891 1796 Cicereius
907 1751 995 1810 prae·

5 1790 8 1878 i
37 1825 72 1878 tor
83 1820 108 1880 in
122 1821 247 1882 corsica
261 1821 359 1896 signis
374 1822 491 1882 collatis
507 1821 670 1898 pugnavita
696 1826 814 1894 septem
829 1818 911 1879 milia
924 1820 995 1880 cor·

5 1911 7 1974 ξ
37 1917 118 1964 sorum
132 1920 240 1980 caesa,
263 1904 343 1980 capti
358 1905 488 1980 amplius
503 1905 584 1964 mille
599 1910 629 1964 et
643 1900 837 1981 septingenti.
869 1908 997 1964 voverat

5 1979 8 2094 Ι
37 1983 101 2047 inea
118 2005 219 2065 pugna
239 1995 364 2065 praetor
384 1988 493 2048 aedem
507 1987 615 2048 lunoni
629 1987 780 2049 Monetae.
809 2003 872 2063 pax
885 1986 997 2046 deinde

5 2101 7 2140 q
38 2068 91 2130 datu
100 2073 272 2147 petentibus
280 2071 393 2146 corsis,
401 2080 432 2132 et
443 2080 552 2133 exacta
560 2073 778 2132 ceraeducena
787 2070 869 2130 milia
880 2070 996 2145 pondo.

5 2157 6 2194 ³
38 2154 191 2218 excorsica
213 2157 343 2217 subacto
357 2154 510 2216 Cicereius
530 2155 562 2216 in
577 2155 748 2216 Sardiniam
763 2153 938 2216 transmisit.
967 2160 998 2215 et

5 2291 6 2308 q
38 2234 58 2294 in
68 2237 221 2314 Liguribus
241 2241 272 2300 in
286 2255 360 2315 agro
376 2238 522 2300 Statellati
539 2246 707 2316 pugnatum
722 2240 762 2300 ad
776 2239 926 2316 oppidum
941 2237 996 2298 Ca-

5 2327 6 2402 }
37 2327 142 2396 matum.
177 2339 218 2385 eo
247 2339 282 2385 se
305 2339 435 2397 magnus
464 2325 617 2386 exercitus
644 2325 790 2399 Ligurum
817 2323 997 2384 contulerat

36 2405 114 2476 cumo
134 2408 192 2468 sub
216 2408 379 2467 adventum
393 2405 434 2466 M.
449 2406 567 2482 Popillii
587 2407 724 2469 consulis
745 2407 907 2466 moenibus
926 2420 998 2466 sese

5 2485 6 2502 ²
37 2490 228 2561 continebanta
258 2491 370 2551 deinde
395 2496 559 2566 postquam
580 2492 728 2566 oppidum
749 2496 999 2565 oppugnaturum

5 2571 6 2606 ³
37 2569 184 2636 Romanum
199 2572 373 2646 cernebant,
389 2575 547 2649 progressi
563 2582 633 2635 ante
648 2580 753 2649 portas
766 2573 865 2632 aciem
880 2577 999 2632 struxe-

5 2647 6 2718 Τ
38 2663 97 2717 nnat
126 2675 183 2720 nec
206 2660 329 2732 consul,
349 2664 382 2717 ut
402 2658 454 2734 qui
468 2658 500 2719 id
514 2658 617 2733 ipsum
632 2654 860 2731 oppugnatione
875 2650 999 2712 commi·

37 2740 120 2801 tanda
139 2741 324 2819 quaesisset,
345 2755 461 2802 moram
482 2741 638 2802 certarnini
659 2739 739 2800 lecit.
771 2743 939 2813 pugnatum
952 2741 1001 2796 est

38 2825 147 2898 amplius
157 2833 223 2887 tres
235 2825 337 2899 boras,
352 2825 393 2884 ita
403 2831 437 2886 ut
447 2832 554 2886 neutro
568 2825 728 2885 inclinaret
741 2837 826 2898 spes.
850 2821 935 2895 quod
948 2819 1001 2882 ubi

38 2908 128 2968 consul
147 2909 225 2970 vidit
243 2908 326 2969 nulla
338 2915 434 2983 'parte
455 2909 572 2969 moveri
582 2909 731 2984 Ligurum
746 2907 850 2982 signa,
871 2905 1001 2980 imperat

41 2990 182 3067 equitibus,
199 2998 234 3053 ut
246 3007 344 3067 equos
360 2993 579 3066 conscendant,
595 3008 631 3052 ac
645 2993 742 3053 tribus
757 2990 847 3053 simul
863 2990 1000 3067 partibus

40 3067 62 3128 in
77 3072 192 3151 hostes,
218 3082 332 3152 quanto
359 3075 491 3136 maximo
517 3083 646 3151 possent
666 3077 808 3149 tumtum,
835 3071 1001 3134 incurrant.

42 3169 98 3227 pars
117 3175 225 3236 magna
244 3160 379 3235 equitum
399 3159 530 3220 mediam
551 3160 668 3220 traiecit
689 3160 784 3220 aciem
805 3165 836 3218 et
856 3158 895 3217 ud
917 3165 1003 3230 terga

41 3245 216 3314 pugnantium
239 3241 384 3318 pervasit.
417 3242 488 3303 inde
503 3249 600 3305 terror
613 3243 743 3304 iniectus
757 3241 935 3316 Liguribus:
957 3239 1003 3298 di·

5 3351 7 3354 ·
42 3324 108 3384 versi
126 3326 154 3386 in
176 3341 283 3388 omnes
305 3333 409 3401 partes
432 3327 587 3403 ungerunt,
610 3327 756 3403 perpauci
771 3332 852 3385 retro
868 3325 898 3382 in
913 3319 1002 3395 oppi-

42 3402 108 3482 dum,
123 3410 192 3484 quia
205 3411 278 3484 inde
292 3425 326 3472 se
341 3410 473 3471 maxime
487 3411 642 3473 obiecerat
656 3426 763 3486 eques.
783 3417 813 3470 et
827 3409 1004 3482 pugnatam
