2328 3870
170 220 211 285 76
341 221 457 282 LIBER
468 221 529 282 XL.
556 219 638 282 CAP.
654 229 698 283 26.
711 227 755 283 nt.
780 227 816 294 [e.
830 226 863 279 U.
877 244 900 280 c.
912 226 970 294 att]

169 382 245 434 rent
266 373 450 448 permissum
464 379 506 443 ut,
523 388 584 446 qua
598 371 690 445 irent,
706 371 846 447 protinus
862 371 1022 433 subitarios
1036 370 1127 430 milites

169 456 337 518 seriberent
356 455 565 530 ducerentque
586 469 702 516 secum.
730 462 760 515 et
775 455 966 530 praetoribus
983 453 1014 529 Q.
1028 452 1128 514 Petillio

168 548 198 600 et
212 540 246 614 Q.
261 539 355 600 Fabio
377 539 559 614 imperatum
579 544 642 613 eal,
663 546 698 598 ut
711 535 845 602 Pelillius
861 539 939 600 duas
954 537 1081 612 legiones
1094 534 1126 595 oi·

167 625 250 684 dum
263 624 472 683 Romanorum
491 621 701 682 tumultuarias
723 623 871 684 scriberet
888 630 917 684 et
932 637 1034 684 omnes
1048 618 1126 680 miuo-

167 723 218 768 res
235 705 456 782 quinquaginta
469 705 557 766 annis
573 714 766 768 sacramento
780 714 918 782 rogaret,
932 704 1034 780 Fabio,
1047 711 1076 764 ut
1087 719 1126 762 so·

167 790 224 852 ciis
238 790 335 851 Latini
350 789 482 851 nominis
498 789 674 864 quindecim
688 789 770 850 milia
783 790 935 866 peditum,
959 789 1128 862 octingentos

167 875 287 949 equites
301 875 474 948 imperaret
495 873 646 936 duumviri
661 876 786 934 navales
802 872 895 934 creati
910 873 942 934 C.
955 871 1094 932 Matienus
1105 877 1128 930 et

167 958 198 1018 c.
209 957 378 1031 Lucretius,
393 973 552 1033 navesque
562 955 601 1017 iis
615 964 741 1018 ornatae
752 965 832 1030 suut,
843 956 1044 1032 Matienoque,
1057 952 1128 1014 otius

167 1041 206 1101 ad
226 1040 372 1101 Gallicum
386 1043 487 1102 sinmn
501 1039 663 1116 provincia
676 1047 749 1115 erat,
764 1042 945 1117 imperatum
956 1049 1010 1112 est,
1025 1044 1056 1098 ut
1066 1037 1127 1098 clas·

166 1139 231 1184 sem
252 1126 350 1200 primo
366 1140 492 1201 quoque
504 1131 642 1201 tempore
656 1125 782 1186 duceret
795 1126 826 1186 iu
840 1123 985 1200 Ligurum
999 1137 1090 1192 oram,
1107 1116 1127 1178 si

167 1225 229 1284 quo
252 1211 322 1268 usai
347 1225 419 1270 esse
440 1210 473 1270 L.
494 1209 625 1270 Aemilio
651 1216 743 1284 atque
768 1209 834 1270 eius
861 1207 1010 1270 exercitui
1028 1211 1127 1281 posset.

164 1291 285 1352 xxvll.
306 1295 464 1368 Aemilius,
480 1301 646 1368 postquam
661 1291 736 1353 nihil
746 1307 878 1368 usquam
891 1290 996 1353 auxilii
1006 1286 1127 1351 ostende-

164 1375 261 1448 batur,
278 1374 465 1453 interceptos
481 1377 611 1438 credens
626 1377 762 1452 equites,
776 1394 838 1437 non
852 1378 932 1437 ultra
947 1371 1128 1436 differendum

163 1467 258 1532 ratus,
275 1458 348 1533 quin
363 1476 419 1534 per
433 1475 468 1520 se
482 1460 634 1520 fortunam
648 1468 824 1535 temptarer,
847 1461 1027 1537 priusquam
1040 1457 1128 1516 hostes

164 1542 317 1615 venirent,
333 1544 384 1616 qui
399 1544 458 1602 iam
472 1544 599 1618 segnius
615 1542 841 1620 socordiusque
856 1533 1129 1620 oppugnabantur

165 1633 309 1701 quattuor
330 1634 435 1702 portas
455 1627 621 1688 exercitum
642 1627 799 1702 instruxit,
821 1634 854 1689 ut
868 1629 958 1703 signo
974 1627 1043 1686 dato
1057 1617 1130 1682 simul

164 1725 203 1769 ex
224 1709 365 1771 omnibus
386 1710 523 1786 partibus
545 1713 737 1787 eruptionem
757 1713 902 1774 lacerent
931 1718 1071 1787 quattuor
1087 1717 1128 1764 ex·

162 1793 372 1856 traordinariis
393 1794 570 1858 cohortibus
592 1796 670 1858 duos
684 1797 823 1857 adiunxit
837 1795 1017 1872 praeposito
1030 1791 1067 1852 Μ.
1080 1788 1130 1848 Va·

162 1877 238 1938 lerio
267 1879 382 1955 legato,
412 1895 573 1956 erumpere
601 1879 842 1941 extraordinaria
867 1881 959 1956 porta
981 1875 1074 1940 iussit.
1100 1868 1131 1965 cd

162 1961 301 2024 dextram
321 1963 521 2039 principalem
541 1963 681 2025 hastatos
701 1963 831 2038 legionis
853 1963 972 2039 primae
991 1961 1130 2022 insumas

164 2045 324 2122 principes
346 2061 386 2106 ex
403 2047 510 2106 eadem
531 2048 653 2121 legione
667 2048 697 2107 in
713 2047 861 2108 subsidiis
877 2047 999 2122 posuit=
1020 2043 1059 2102 M.
1074 2039 1131 2100 Ser·

162 2127 253 2189 vilius
268 2135 300 2188 et
312 2128 345 2188 L.
358 2127 514 2204 Sulpicius
529 2131 641 2192 tribuni
656 2131 783 2192 militurn
796 2129 845 2191 his
856 2129 1037 2206 praepositi.
1058 2121 1131 2185 tertia

161 2212 241 2285 legio
258 2212 408 2272 adversus
420 2211 618 2288 principalem
634 2213 787 2274 sinistram
798 2221 919 2289 portam
929 2213 1076 2274 instructa
1086 2209 1132 2266 est

161 2294 192 2353 id
206 2302 319 2355 tantum
336 2301 491 2367 mutatum,
507 2295 665 2373 principes
679 2296 769 2373 primi
784 2305 814 2358 et
828 2297 939 2358 hastati
956 2297 987 2358 in
999 2286 1132 2356 subsidiis

161 2378 267 2438 locam
290 2376 363 2438 Sex.
374 2379 469 2440 lulius
485 2381 597 2441 Caesar
612 2390 642 2444 et
654 2380 689 2442 L.
703 2381 849 2442 Aurelius
865 2380 953 2443 Cotta
966 2375 1076 2440 tribuni
1088 2371 1133 2432 mi·

160 2460 246 2520 litum
259 2461 331 2524 huie
344 2462 458 2538 legioni
473 2464 643 2540 praepositi
658 2474 738 2526 sunt.
768 2465 801 2538 Q.
816 2464 944 2528 Fulvius
959 2465 1086 2526 Flaccus
1099 2458 1133 2515 le-

161 2551 250 2619 gatus
276 2562 346 2607 cum
370 2547 479 2608 dexma
502 2550 552 2608 ala
572 2550 612 2610 ad
632 2547 839 2624 quaestoriam
864 2557 986 2624 portam
1007 2541 1133 2624 positast

161 2628 240 2690 duae
268 2630 410 2692 cohortes
432 2639 463 2694 et
480 2630 574 2693 triarii
599 2633 728 2695 duorum
753 2634 907 2708 legionum
932 2634 962 2692 in
990 2622 1133 2708 praesidio

161 2722 331 2776 castrorum
356 2731 481 2778 monere
500 2716 587 2776 iussi.
620 2732 728 2778 ornnes
748 2723 855 2792 portas
877 2709 1133 2803 contionabundus

159 2795 228 2871 ipse
253 2797 420 2874 imperator
439 2800 601 2874 circumiit,
626 2807 658 2860 et
678 2799 924 2876 quibuscumque
948 2798 1135 2861 irritamentis

160 2887 280 2954 poterat
299 2880 362 2941 iras
381 2882 506 2942 militum
528 2884 672 2957 acuebat,
695 2900 777 2944 nuno
799 2884 936 2944 fraudem
952 2883 1085 2944 hostium
1097 2874 1135 2936 in·

161 2977 284 3038 cusans,
301 2963 354 3039 qni
368 2981 446 3040 pace
461 2966 564 3040 petita,
579 2966 704 3028 indutiis
720 2967 808 3042 dnus,
827 2968 999 3044 peripsum
1016 2959 1136 3026 indutio·

158 3063 225 3106 rum
239 3052 361 3122 tempus
377 3055 482 3110 coutm
495 3049 544 3111 ius
556 3052 690 3125 gentium
705 3052 745 3111 ad
757 3061 858 3112 castra
870 3049 1080 3126 oppugnanda
1091 3056 1135 3101 ve·

158 3130 292 3191 disserte
315 3148 396 3193 nunc
412 3140 544 3208 quantus
559 3135 661 3208 pudor
673 3135 907 3205 essetedoceus
919 3134 958 3196 ab
970 3130 1135 3208 Liguribus,

157 3213 325 3276 latronibus
341 3216 442 3278 verim
458 3233 550 3293 quam
564 3217 705 3279 hostibus
720 3217 823 3293 iustis,
839 3219 1013 3280 Romanum
1027 3209 1136 3276 exerci-

156 3307 220 3358 tum
235 3297 380 3359 obsideri.
404 3317 488 3376 „quo
504 3317 559 3362 ore
574 3301 737 3376 quisquam
752 3310 895 3378 vestrum,
912 3301 938 3362 si
953 3299 1026 3360 hinc
1043 3296 1135 3358 alieno

156 3381 321 3454 praesidio,
338 3399 399 3444 oon
415 3391 517 3444 vestra
527 3385 636 3446 virtute
647 3383 815 3459 evaseritis,
832 3391 981 3460 occurret,
998 3399 1061 3444 non
1073 3379 1137 3439 dico
1155 3406 1158 3412 ·

156 3464 201 3524 eis
216 3464 376 3540 militibus,
399 3466 451 3543 qui
464 3466 680 3546 Hannibalem,
696 3468 747 3544 qul
761 3468 948 3546 Philippum,
965 3467 1020 3544 qui
1034 3459 1136 3528 Antio·
