2328 3870
170 165 281 227 LIBER
294 167 382 228 XLII.
403 169 486 229 CAP.
502 180 544 233 11.
557 180 600 233 12.
621 176 658 246 [o.
674 178 707 233 0.
723 179 785 246 lta]
813 208 821 222 ·
901 173 964 236 1³9

9 333 129 396 pressum
144 319 205 379 lato
220 333 347 393 regnum
368 319 396 378 ei
416 320 595 396 reliquisse,
622 337 712 398 quem
734 321 964 384 intestissinrum

11 417 67 480 esse
87 402 230 462 sensisset
248 403 404 463 Romanis.
441 403 545 480 itaque
564 403 678 464 Persea
703 404 917 466 hereditarium
947 423 965 467 a

13 485 214 560 patrerelietum
226 484 348 562 bellum,
362 492 393 547 et
403 485 492 548 simul
504 503 572 548 eum
584 487 713 564 imperio
725 489 876 562 traditum,
892 489 964 549 iam·
1057 537 1060 542 .

14 567 195 644 imprimam
220 569 303 629 alere
322 585 359 630 ac
380 570 487 631 lovere
508 571 649 632 omnibus
671 571 818 634 consiliis.
853 571 966 634 llorere

12 659 140 726 praeterea
152 653 317 725 iuventute„
334 669 425 729 quam
437 654 564 730 stirpem
575 654 668 730 longa
678 671 743 732 pax
753 655 891 729 ediderit,
908 655 965 716 ilo·

11 735 169 810 rucopibus
180 737 278 812 regni,
293 736 406 798 llorere
418 739 628 798 etiumaetute.
652 754 732 814 quae
743 755 812 798 curn
824 741 965 815 corporis

11 817 96 879 robore
113 835 147 880 ae
167 820 286 880 viribus
308 821 425 896 vigeat„
447 821 580 882 animum
596 838 668 882 esse
682 823 883 884 inveteratum
898 823 964 884 diu-

10 900 57 960 tius
72 911 127 963 arte
146 910 242 979 atquc
255 920 315 964 usu
329 905 410 964 belli.
439 906 499 966 iam
514 905 585 966 inde
601 922 619 965 a
633 921 730 981 puero
747 906 841 982 patris
856 916 964 968 contu·

10 982 90 1046 bornio
102 987 248 1048 Romanis
272 1003 398 1064 quoque
416 989 520 1061 bellis,
542 1005 604 1049 non
625 989 761 1050 finitimis
778 997 894 1052 tantum
910 992 963 1052 ad·

2 1075 108 1141 :mcum
125 1072 254 1132 missum
267 1087 286 1132 a
300 1079 387 1146 patre
398 1072 429 1132 in
441 1073 655 1148 expeditiones
667 1075 777 1134 multas
787 1074 963 1151 variamque.

2 1149 53 1236 jiuu
63 1167 95 1212 ex
110 1171 169 1229 quo
184 1156 257 1229 ipse
271 1153 445 1230 decepisset
458 1171 601 1230 reguum,
623 1157 731 1231 multu,
753 1172 834 1233 quae
848 1173 910 1218 non
925 1159 965 1231 vi,

2 1237 53 1314 {uon
70 1236 132 1297 dolo
146 1237 308 1314 Philippus
325 1240 426 1300 omnia
443 1247 592 1314 expertus
609 1238 762 1314 potuisset
775 1239 890 1315 moliri,
911 1240 965 1299 ad·

2 1318 115 1380 ¹uiraudo
137 1337 244 1382 rerum
265 1337 415 1383 successu
439 1322 587 1383 tenuisse.
619 1322 795 1384 accessisse
821 1324 862 1385 ad
881 1325 963 1384 vires

10 1415 65 1476 eam,
77 1421 147 1478 quae
161 1406 258 1482 longe
274 1413 413 1481 ternpore
427 1405 529 1466 multis
546 1406 729 1482 magnisque
743 1405 859 1470 meritis
874 1423 964 1484 pare·

2 1492 75 1568 itetur,
90 1491 306 1550 auctoritatem.
328 1490 392 1550 Xll.
415 1505 485 1551 nam
500 1490 585 1566 apud
604 1489 750 1551 Graeciae
765 1498 858 1569 atque
868 1493 964 1552 Asiae

2 1567 115 1632 tanaus
134 1571 236 1633 vereri
257 1573 445 1634 maiestatem
466 1572 534 1635 eius
555 1591 673 1635 omnes.
707 1590 764 1635 nec
779 1592 836 1650 pro
852 1575 963 1651 quihus

10 1654 102 1727 merids,
115 1673 171 1732 pro
185 1673 250 1733 qua
263 1657 470 1718 munificentia
484 1665 598 1718 tantum
614 1658 641 1718 ei
656 1658 811 1731 tribuatur,
828 1673 964 1729 cernere,

9 1747 50 1795 aee
65 1737 156 1800 dicere
176 1757 236 1816 pro
259 1747 342 1800 certo
363 1756 475 1816 posse,
501 1750 601 1801 utrum
622 1741 764 1802 lelieitate
783 1741 816 1800 id
830 1742 964 1816 quadam

11 1819 58 1880 tius
75 1825 199 1899 accidat,
223 1840 278 1897 au,
300 1823 384 1899 quod
399 1823 468 1900 ipse
483 1830 627 1883 vereatur
641 1821 759 1897 dicere,
781 1823 896 1883 invidia
910 1823 964 1882 od·

10 1913 91 1965 tonus
102 1908 260 1968 Romanos
275 1907 411 1967 favorem
423 1906 465 1968 illi
477 1905 628 1967 conciliet.
647 1905 726 1965 inter
736 1905 824 1982 ipsos
838 1921 964 1980 quoque
1060 1940 1065 1948 ·

10 1997 74 2061 teges
86 1991 236 2066 ingentem
252 1988 430 2052 auctoritate
441 1989 563 2052 Seleuci
575 1989 668 2050 liliam
680 1988 809 2050 duxisse
820 2005 891 2050 eum
903 2005 964 2049 non

9 2076 129 2144 penum
143 2076 202 2136 sed
217 2075 344 2151 petitum
355 2077 444 2148 miro,
461 2089 601 2137 sororem
616 2073 742 2135 dedisse
752 2072 880 2134 Prusiae
895 2087 969 2149 pre-2

11 2155 67 2215 unii
83 2158 235 2231 adoranti;
259 2160 430 2220 celebratas
447 2173 519 2219 esse
532 2165 682 2234 utrasque
695 2157 818 2232 nuptias
832 2159 964 2232 gratula-

10 2231 68 2298 tione
80 2241 163 2304 donis
184 2241 450 2304 innumerabilium
464 2242 665 2318 legationum,
688 2248 719 2301 et
731 2242 815 2302 velut
830 2240 965 2317 auspici-

10 2310 256 2388 intentissimis
279 2325 402 2402 populis
417 2327 567 2399 deductas
582 2341 663 2386 esse·
688 2324 876 2386 Boeotorum
891 2340 964 2400 gen·

7 2407 208 2486 tenpaptatam
214 2410 367 2486 Philippo,
379 2426 546 2486 numquam
556 2410 596 2470 ad
608 2408 804 2470 scribendum
816 2406 964 2468 amicitiae

9 2483 93 2550 helas
115 2494 228 2556 adduci
254 2495 408 2569 potuisse:
439 2493 537 2554 tribus
563 2495 644 2554 nunc
664 2492 741 2553 loeis
764 2507 832 2552 oum
852 2491 964 2551 Perseo

9 2565 93 2635 taulus
105 2577 234 2639 incisum
248 2578 355 2639 litteris
371 2593 452 2652 esse,
467 2594 529 2639 uno
543 2577 666 2650 Thebis,
682 2577 777 2635 altero
793 2575 834 2632 ad
847 2575 964 2645 Delum,

8 2661 196 2727 lltiustissimo
212 2669 243 2724 et
257 2661 455 2723 celeberrimo
471 2660 646 2734 intemplo,
667 2657 756 2718 tertio
770 2654 909 2731 Delphis.
931 2653 962 2714 in

4 2731 116 2848 'Achaico
136 2746 269 2807 concilio
289 2761 364 2806 vero
391 2745 451 2804 nisi
471 2743 618 2805 discussa
631 2758 683 2802 res
698 2755 755 2816 per
770 2754 890 2816 paucos
905 2740 965 2800 Ro·

4 2829 104 2902 phanum
123 2829 284 2906 imperium
303 2829 487 2889 intentantes
502 2834 601 2902 esset,
622 2842 660 2887 eo
675 2841 740 2884 rem
754 2839 854 2900 prope
868 2823 961 2884 addu-

4 2905 231 2984 demutabiles
247 2919 277 2973 et
290 2912 320 2971 in
332 2911 478 2972 Achaiam
494 2909 626 2972 daretur.
643 2918 674 2971 at
687 2908 812 2968 hercule
823 2924 898 2968 suos
909 2908 963 2969 ho·

5 2997 91 3066 tores,
110 2997 196 3056 cuius
216 2997 323 3055 merita
345 2995 377 3054 in
398 3011 466 3056 eam
487 3003 607 3069 gentem
627 2991 768 3070 privatim
790 3009 828 3052 au
844 2991 966 3068 publice

14 3066 171 3138 sintmaiora
187 3078 239 3139 vix
254 3079 315 3139 diei
328 3087 452 3154 posset,
468 3078 578 3154 partim
593 3077 735 3137 desertos
750 3091 806 3152 per
819 3077 966 3138 incultum

5 3161 39 3208 ac
48 3160 262 3236 neglegentiam,
282 3160 392 3237 partim
406 3161 556 3224 hostiliter
571 3161 709 3222 sublatos
726 3175 807 3220 esse.
830 3159 890 3222 iam
905 3163 952 3222 Ae

5 3233 70 3320 totos
83 3259 169 3317 quem
181 3245 324 3322 ignorare
338 3245 369 3305 in
384 3244 587 3307 seditionibus
603 3243 669 3306 suis
685 3260 746 3304 non
759 3243 797 3304 ab
809 3244 965 3314 Romanis,

5 3318 196 3390 *adspersos
218 3329 405 3404 praesidium
427 3329 565 3406 petisset
590 3327 639 3389 his
660 3343 729 3388 eum
744 3328 850 3388 tultum
867 3325 962 3386 socie·

5 3400 96 3468 'lilibus
111 3418 196 3488 atque
211 3412 350 3474 amicitiis
367 3429 423 3474 eos
437 3412 626 3474 domesticos
642 3418 808 3487 apparatus
823 3408 894 3467 belli
911 3406 965 3464 ha·

6 3619 8 3660 l

6 3663 7 3690 t
