2364 3862
208 167 325 228 LIBER
338 165 441 230 XLIV.
463 171 546 230 CAP-
560 179 604 234 26.
619 178 663 234 at.
685 177 722 244 [a.
735 179 767 231 C.
781 178 841 246 16⁸]
958 171 1020 235 233

41 320 101 380 dux
115 335 234 380 eorum.
263 319 457 381 venientibus
470 320 520 381 bis
529 320 663 383 Perseus
675 322 714 382 ab
724 322 841 397 Enipeo
856 337 895 382 cx
911 323 1021 384 castris

40 403 195 477 proiectus
212 402 334 462 obviam
349 419 418 464 cum
432 402 557 464 dimidio
572 406 730 480 copiarum
745 413 832 481 parte
843 407 1021 468 denuntiare

39 501 93 560 per
106 483 196 546 vicos
209 483 381 561 urbesque,
403 485 566 561 quaeriue
584 488 779 564 propinquae
799 496 883 562 sunt,
910 490 1021 565 coepit,

39 574 70 627 ut
83 575 275 629 commeatus
291 568 479 645 expedirent,
494 571 635 631 frumenti
646 572 707 631 vini
722 586 870 648 pecorum
884 577 917 633 ut
931 573 1022 648 copia

40 659 127 712 esset.
157 652 229 727 ipse
244 667 344 727 equos
361 651 567 727 phalerasque
581 661 613 714 et
626 656 735 730 sagula
748 655 863 716 donum
878 654 1021 731 principi-

39 733 95 794 bus
116 736 214 807 lerre,
239 741 269 794 et
288 751 398 809 parum
417 735 498 808 auri,
524 737 609 811 quod
629 736 707 798 inter
728 754 846 813 paucos
862 738 1022 812 divideret,

39 815 677 895 multudinemcredensuahispeposse.
699 821 1023 882 adalmanamurbem

39 900 187 975 pervenit,
199 905 232 960 et
243 900 273 959 in
289 901 358 976 ripa
371 899 506 962 fluminis
521 903 592 962 Axii
608 903 712 978 posuit
726 911 836 965 castra.
866 904 948 966 cuca
962 906 1021 966 De·

37 983 190 1044 audebam
202 983 234 1042 in
247 982 387 1044 Maedica
401 984 555 1045 exercitus
570 987 724 1048 Gallorum
736 988 928 1062 consederat,
943 1003 1020 1048 mer-

39 1067 145 1127 cedem
161 1074 281 1142 pactam
296 1065 471 1141 opperiens.
508 1083 546 1128 eo
567 1069 655 1130 mittit
668 1071 868 1144 Antigonum,
889 1087 930 1132 ex
950 1087 1022 1146 pur·

39 1151 155 1224 paratis
173 1166 276 1223 unam,
292 1149 346 1224 qui
357 1150 475 1212 iuberet
494 1151 716 1212 multitudinem
736 1153 889 1214 Gallorum
904 1154 943 1213 ad
960 1153 1022 1229 By·

38 1235 141 1294 lazare
152 1267 198 1278 -
210 1232 365 1294 Paeoniae
381 1234 408 1294 is
422 1235 510 1296 locus
525 1242 629 1296 est-
644 1241 746 1296 castra
761 1251 895 1309 movere,
911 1235 1023 1310 princi·

39 1333 91 1392 pes
106 1317 150 1378 ad
166 1332 202 1377 se
218 1317 325 1378 venire
344 1318 533 1392 trequentes.
569 1318 763 1393 septuaginta
783 1319 920 1395 quinque
940 1316 1023 1378 milia

1 1474 2 1484 χ
40 1401 74 1460 ab
87 1400 173 1461 Axio
188 1397 315 1462 flumine
331 1407 362 1460 et
376 1400 486 1462 castris
506 1399 600 1476 regiis
621 1402 756 1462 aberant.
788 1402 866 1462 haec
879 1401 1023 1462 mandata

1 1487 2 1561 l
40 1483 78 1544 ad
90 1499 148 1546 eos
163 1498 232 1544 cum
248 1482 425 1558 pertulisset
434 1483 617 1559 Antigonus,
634 1484 860 1561 adiecissetque
875 1482 1022 1561 perviam

1 1579 2 1602 ¹
41 1575 182 1641 quantam
195 1566 330 1628 omniurn
342 1575 555 1642 praeparatam
567 1584 640 1629 cura
650 1567 733 1642 regis
745 1568 866 1644 copiam
872 1567 1022 1629 inventuri

1 1613 2 1700 i
41 1653 146 1724 lorent,
164 1648 340 1726 quibusque
354 1649 531 1711 muneribus
547 1651 703 1726 principes
717 1652 916 1712 advenientes
927 1648 1022 1710 vestis

41 1733 156 1809 argenti
171 1748 386 1807 equorumque
400 1741 587 1808 excepturus
601 1749 658 1794 rex
672 1739 764 1807 esset,
780 1734 819 1794 de
834 1734 882 1794 his
898 1732 1022 1808 quidem

40 1833 73 1878 se
96 1832 202 1877 coram
228 1816 407 1890 cognituros
427 1817 631 1892 respondent,
657 1815 740 1888 illud,
767 1815 851 1891 quod
873 1828 1022 1896 praesens

42 1900 239 1975 pepigissent,
254 1899 450 1974 interrogant,
473 1898 587 1975 ecquid
602 1916 717 1971 aarum,
739 1899 822 1974 quod
838 1897 868 1957 in
884 1897 1022 1971 singulas

42 1983 157 2058 pedites
174 1983 359 2057 equitesque
374 1982 572 2044 dividendum
588 1988 686 2052 esset,
709 1997 814 2043 secum
833 1980 1022 2040 adduxisset.

43 2067 162 2126 eumad
179 2066 210 2126 id
225 2064 299 2125 nihil
319 2067 574 2140 responderetur,
595 2062 760 2126 Clondicus
777 2064 901 2140 regulus
917 2077 1023 2124 eorum

43 2149 118 2224 ‚,abi,
132 2149 276 2210 renuntia
290 2154 386 2224 ergd‘
400 2147 500 2224 inquit
521 2193 538 2222 ‚,
547 2148 622 2222 regi,
637 2146 697 2208 nisi
711 2165 818 2210 aurum
832 2146 1022 2221 obsidesque

2 2275 4 2328 Κ
45 2233 250 2308 accepissent,
272 2248 427 2307 nusquam
442 2232 514 2292 inde
530 2232 634 2292 Gallos
649 2230 771 2306 longius
783 2230 943 2306 vestigium
958 2245 1022 2289 mo-

3 2347 4 2392 t
45 2320 155 2377 turos.“
167 2318 245 2377 haec
256 2316 354 2376 relata
365 2315 431 2390 regi
443 2331 512 2376 cum
524 2322 637 2388 essent,
649 2315 800 2376 advocato
812 2313 942 2375 consilio
954 2327 1021 2372 curn

3 2395 5 2459 l
46 2400 115 2474 quid
129 2415 237 2460 omnes
253 2399 378 2461 suasuri
389 2406 495 2460 essent
505 2407 677 2474 appareret,
692 2399 759 2474 ipse
770 2397 919 2473 pecuniae
932 2409 1023 2470 quam

3 2465 6 2558 'l
45 2482 126 2557 regni
140 2484 249 2544 melior
264 2492 371 2545 custos
386 2482 493 2543 institit
506 2483 545 2542 de
556 2482 687 2557 perfidia
700 2488 730 2541 et
741 2481 857 2541 feritate
869 2478 1024 2538 Gallorum

4 2561 6 2618 l
46 2565 210 2640 ddsserere:
219 2568 385 2628 multorum
398 2567 459 2626 iarn
474 2573 544 2626 ante
559 2563 698 2625 cladibus
713 2569 855 2637 expertae
871 2559 1022 2637 periculo·

4 2621 7 2688 i
46 2663 110 2710 sum
129 2666 202 2712 esse
222 2657 335 2712 tantan
354 2648 576 2710 multitudinem
596 2647 627 2705 in
645 2643 858 2734 Macedoniam
871 2643 1023 2718 accipere,

5 2693 7 2798 i
46 2747 82 2791 ue
100 2733 258 2806 gramores
279 2748 336 2793 eos
357 2730 462 2793 socios
483 2730 616 2791 habeant
630 2745 720 2804 qaam
735 2727 841 2789 hostes
856 2727 1023 2787 Romanos.

5 2809 7 2888 ἓ
49 2814 180 2890 quinque
193 2814 277 2876 milia
291 2815 430 2890 equiturn
445 2813 521 2876 satis
536 2829 617 2885 esse,
635 2813 747 2886 quibus
759 2818 789 2872 ct
802 2810 846 2871 uti
860 2810 900 2870 ad
912 2809 1023 2870 bellum

49 2904 185 2974 possent,
220 2908 251 2959 et
287 2914 419 2974 quorum
453 2895 674 2958 multitudinem
710 2894 771 2970 ipsi
799 2910 861 2956 non
890 2894 1023 2954 timeant.

6 2975 8 3050 l
49 2979 161 3042 XXVII.
188 2981 362 3058 apparebat
381 2981 453 3042 inde
474 2979 616 3042 omnibus
637 2977 808 3038 mercedem
825 2977 1022 3039 multitudinis

7 3059 8 3142 ,
50 3063 155 3140 dnae,
172 3080 231 3126 nee
247 3063 413 3140 quicquam
428 3064 527 3125 aliud=
548 3063 606 3122 sed
622 3078 691 3123 cum
706 3061 838 3122 suadere
852 3060 1023 3122 consulenti

7 3151 8 3222 ξ
50 3161 131 3208 namo
146 3149 281 3220 auderet,
297 3147 457 3208 remittitur
467 3146 650 3220 Antigonus,
662 3145 714 3220 qui
727 3143 1022 3218 nuntiaretquinque

51 3226 155 3292 milium
170 3232 307 3306 equitum
324 3246 421 3306 opera
436 3237 552 3290 tantum
567 3229 609 3288 uti
623 3244 736 3304 regern,
752 3244 813 3288 non
830 3236 933 3289 tenere
947 3225 1021 3283 mul·

53 3308 315 3375 titudinem'aliem.
352 3314 438 3390 quod
459 3312 510 3372 ubi
529 3312 674 3372 audivere
694 3307 831 3383 barbari,
853 3313 1021 3398 ceterorum

10 3425 11 3428 ¹
55 3393 166 3468 quidem
182 3398 319 3460 fremitus
335 3397 392 3459 luit
404 3395 626 3471 indignantium
640 3410 675 3454 se
690 3395 802 3453 frustra
812 3388 930 3448 excitos
941 3385 1020 3446 sedr-

10 3675 13 3782 l

11 3787 16 3835 l
