2424 3872
160 229 201 292 es
301 224 417 286 nrnnn
430 222 562 282 xxxix.
586 219 669 280 cnr.
683 226 783 281 mm.
807 218 843 295 [ι.
856 221 891 276 υ.
903 240 927 275 0.
939 219 1002 295 san]

158 385 304 459 placuere
318 377 400 438 vires
416 382 446 435 et
460 375 519 434 iam
534 371 621 433 miles
638 387 763 448 quoque
778 371 818 432 ad
832 371 996 435 delendam
1010 369 1152 448 priorem

43 435 50 450 ⁶
159 459 355 543 ignominiam
368 460 488 520 hostem
501 457 659 533 poscebat,
675 453 839 516 duodecim
853 454 935 515 milia
946 471 1098 530 passuum
1109 454 1152 515 ab

158 551 241 624 Tago
256 545 382 607 flumine
397 548 567 618 posuerunt
581 546 691 600 castra.
714 538 785 599 inde
801 539 887 600 tertia
901 539 1005 613 vigilia
1018 538 1155 600 sublatis

159 630 266 708 signis,
283 627 433 705 quadrato
448 624 568 700 agmine
579 621 732 698 principio
743 623 821 683 lueis
832 623 872 682 ad
882 621 955 698 'lagi
966 617 1066 700 rip'am
1079 638 1155 697 per-

158 719 318 777 venerunt.
338 717 423 770 trans
439 705 567 769 fluvium
581 707 612 766 in
626 707 705 768 colle
718 705 850 767 hostium
866 714 967 768 eastra
977 713 1074 766 erant.
1097 721 1156 764 cx·

159 799 289 872 templo,
316 808 378 869 qna
404 791 526 852 duobus
546 789 623 852 locis
643 790 724 850 vada
745 789 880 850 nudabat
899 790 1013 865 amnis,
1040 789 1156 850 dextra

160 889 245 959 parte
266 875 464 953 calpurnius,
486 875 574 934 laeva
591 872 748 947 Quinctius
771 872 924 934 exercitus
948 874 1158 934 traduxerunt

160 963 263 1042 quieto
278 961 368 1022 hoste
383 959 455 1018 dum
466 957 591 1019 miratur
603 955 736 1017 subitum
747 957 912 1017 adventum
923 958 1158 1032 consultatque,

161 1046 213 1125 qui
227 1044 386 1106 tumultum
407 1041 520 1102 inicere
535 1039 757 1115 trepidantibus
773 1039 804 1099 in
819 1040 889 1116 ipso
905 1040 1035 1101 transitu
1050 1040 1159 1100 amnis

162 1129 321 1208 potuisset
344 1124 464 1186 interim
475 1123 614 1199 Romani,
630 1121 856 1200 impedimentis
869 1139 994 1200 quoque
1006 1124 1160 1185 omnibus

160 1210 308 1275 traductis
329 1207 557 1284 contractisque
571 1208 600 1267 in
617 1224 710 1267 unum
724 1209 841 1279 locum,
866 1206 938 1284 quia
952 1208 1012 1268 iam
1030 1205 1158 1269 moveri

160 1297 305 1359 videbant
317 1294 453 1365 hostem,
476 1307 533 1352 nec
555 1289 688 1367 spatium
708 1296 774 1351 erut
795 1298 896 1351 castra
911 1291 1158 1366 communiendi,

161 1380 257 1442 aciem
269 1377 485 1438 instmxerunt
501 1376 531 1434 in
542 1375 643 1434 medio
654 1376 773 1435 locatae
785 1375 892 1450 quinte
902 1375 1058 1450 calpurnii
1070 1375 1160 1449 legio

160 1473 190 1524 et
210 1468 320 1523 octava
335 1456 481 1534 Quinctiis
503 1459 534 1518 id
553 1458 649 1518 robur
668 1464 731 1518 toto
747 1458 885 1519 exercitu
898 1465 972 1518 erat.
1007 1473 1158 1533 campum

161 1552 298 1622 apertum
324 1549 425 1618 usque
446 1541 486 1601 ad
507 1541 640 1602 hostium
666 1549 768 1602 castra
787 1540 957 1614 habebant,
981 1542 1117 1602 liberum
1141 1558 1162 1601 a

159 1636 242 1690 metu
266 1626 454 1688 insidiarum.
489 1623 593 1684 lOle.
621 1623 750 1700 Hispani
771 1631 935 1700 postquam
956 1625 987 1685 in
1009 1625 1161 1686 citeriore

158 1713 228 1788 ripa
242 1710 304 1771 duo
315 1710 523 1770 Romanorum
537 1705 659 1782 agmina
671 1714 907 1783 conspexerunt,
924 1713 958 1767 nt
969 1708 1161 1785 priusquam

161 1810 196 1856 se
211 1795 337 1869 iungere
352 1798 444 1869 atque
458 1792 610 1852 instruere
621 1799 751 1866 possent
761 1797 950 1866 occuparent
960 1808 1026 1867 eos,
1039 1793 1162 1853 castris

159 1885 287 1954 repente
298 1875 389 1938 ellusi
404 1875 545 1936 oursuad
557 1891 691 1950 pugnam
703 1874 838 1934 tendunt.
855 1880 944 1935 atrox
955 1875 987 1936 in
998 1876 1165 1952 principio

160 1963 310 2037 proelium
331 1959 400 2033 luit,
423 1967 453 2020 ct
465 1957 611 2034 Hispanis
631 1959 745 2018 recenti
766 1957 894 2019 victoria
908 1957 1039 2035 inflatis,
1063 1967 1097 2020 et
1113 1961 1163 2020 in-

160 2052 249 2106 sueta
269 2043 434 2119 ignominia
447 2043 539 2102 milite
553 2044 692 2103 Romano
708 2057 851 2102 accenso.
881 2043 1030 2103 acerrime
1044 2045 1160 2104 media

161 2128 261 2200 acies,
282 2127 362 2186 duae
383 2124 567 2186 fortissimae
582 2125 736 2200 legiones,
758 2124 959 2196 dimicabant;
983 2143 1166 2203 quaecum

161 2210 247 2270 aliter
262 2208 378 2269 moveri
398 2210 468 2269 loco
487 2224 549 2268 nou
571 2223 667 2285 posse
687 2207 786 2270 hostis
808 2218 962 2284 cerneret,
985 2226 1088 2271 cuneo
1113 2212 1164 2271 in·

161 2293 235 2354 stitit
259 2306 413 2368 pugnare;
442 2299 472 2352 et
491 2307 592 2368 usque
618 2293 721 2368 plures
744 2292 1010 2370 confertioresque
1031 2295 1167 2356 medios

160 2376 320 2452 urgebant.
342 2372 384 2434 ibi
395 2382 559 2450 postquam
571 2376 710 2436 laborare
722 2375 819 2434 aciem
832 2375 1014 2451 Calpurnius
1027 2388 1167 2453 praetor

160 2459 243 2532 vidit,
258 2458 291 2517 T.
304 2458 496 2533 Quinctilium
506 2459 622 2518 Varum
636 2466 667 2519 et
679 2457 713 2518 L.
724 2457 894 2520 Iuventium
905 2460 1053 2520 Thalnam
1069 2461 1165 2537 lega-

160 2550 209 2606 tos
231 2543 271 2603 ad
292 2542 428 2617 singulas
443 2542 580 2618 legiones
596 2541 803 2602 adhortandas
819 2559 954 2619 propere
969 2542 1076 2620 mittit,
1102 2547 1166 2607 do-

161 2644 232 2689 cere
247 2635 277 2688 et
290 2641 416 2687 monere
429 2625 512 2686 iubet
526 2623 557 2685 in
571 2625 630 2687 illis
647 2640 733 2701 spem
750 2641 871 2686 omnem
882 2626 1028 2688 vincendi
1040 2634 1073 2690 et
1084 2631 1167 2691 reti-

164 2713 285 2772 nendae
298 2707 466 2792 Hispaniae
481 2725 567 2770 esse:
590 2709 617 2770 si
632 2708 673 2768 illi
688 2709 757 2769 loco
773 2709 899 2784 cedant,
914 2711 1071 2772 neminem
1086 2713 1170 2775 eius

162 2795 316 2855 exereitus
336 2810 398 2854 non
413 2793 506 2853 modo
521 2791 652 2866 ltaliam,
672 2790 730 2852 sed
744 2806 783 2851 nc
797 2794 871 2869 Tagi
888 2794 1014 2870 quidem
1028 2797 1168 2858 ulterio-

159 2893 225 2938 rem
244 2875 345 2953 ripam
360 2892 492 2952 usquam
506 2877 653 2936 visurum.
681 2873 750 2949 ipse
765 2890 833 2936 curn
849 2877 1005 2952 equitibus
1022 2879 1171 2940 duarum

160 2961 314 3036 legionum
337 2961 459 3035 paulum
480 2959 703 3019 circumvectus
725 2957 755 3016 in
771 2975 902 3020 cuneum
922 2961 1078 3036 hostium,
1104 2964 1168 3039 qui

161 3045 292 3104 mediam
306 3041 436 3119 urgebat
448 3043 555 3114 aciem,
571 3042 610 3103 ab
626 3044 721 3102 latere
735 3039 870 3104 incurrit.
906 3044 1068 3119 Quinctius
1086 3062 1171 3108 cum

161 3128 226 3187 suis
249 3126 403 3204 equitibus
424 3129 552 3186 alterum
572 3124 706 3187 hostium
723 3127 802 3186 latus
823 3126 948 3188 invadit.
981 3129 1041 3189 sed
1064 3131 1175 3204 longe

160 3211 261 3272 acrius
270 3210 464 3286 Calpurniani
476 3210 595 3287 equites
608 3209 793 3286 pugnabant,
802 3216 832 3271 et
844 3219 969 3287 praetor
979 3212 1172 3276 antealioss

160 3311 231 3355 nam
252 3303 283 3356 et
303 3295 420 3370 primus
433 3294 555 3356 hostem
571 3293 738 3374 percussit,
760 3293 845 3355 etita
860 3311 895 3356 se
911 3295 1172 3357 immiscuitme·

160 3377 236 3454 diis,
257 3386 291 3439 ut
309 3378 364 3438 vix
382 3379 480 3440 utrius
501 3380 598 3457 partis
619 3385 704 3440 esset
724 3375 814 3438 nosci
835 3384 959 3453 possat;
983 3381 1176 3455 aequites

163 3462 315 3535 praetoris
335 3463 446 3523 eximia
465 3459 575 3524 virtute
591 3471 622 3524 et
640 3461 776 3539 equitum
797 3459 917 3537 pedites
933 3464 1060 3524 accensi
1077 3471 1180 3526 sunt.
