2364 3862
207 247 640 313 mahumetanam.
664 260 700 326 [a.
713 260 746 317 c.
759 261 819 327 171]
948 255 1009 319 163

12 425 13 428 ¹
61 408 116 461 tuos
135 399 225 458 factae
243 400 341 458 videri
362 407 515 474 possuntt
542 402 679 476 Dolopes
701 418 720 461 a
740 409 769 462 te
790 403 859 478 ipso
881 409 1008 468 evastati

12 547 13 552 .
59 489 122 543 sum.
146 481 292 542 Eumenes
305 498 361 542 rex
380 483 417 542 ab
432 484 530 544 Roma
544 499 613 544 eum
625 488 654 544 in
665 501 792 560 regnum
802 488 924 560 rediret,
938 505 1008 564 pro·

12 575 13 630 3
58 583 89 642 pe
102 572 127 625 ut
141 565 256 625 victima
270 566 398 642 Delphis
413 567 443 626 in
459 575 579 627 sacrato
594 572 663 628 loco
681 577 750 629 aute
766 585 836 630 aras
851 579 1008 647 mactatus,

59 665 129 724 quem
141 649 288 711 insimulet
307 651 391 725 piget
412 651 542 710 referre:
565 669 644 726 quae
665 652 784 728 hospes
803 653 1008 716 Brundisinus

12 773 14 806 ss
58 734 155 792 occulta
168 733 303 793 facinora
315 734 437 809 indicet,
453 741 566 795 eertum
581 735 681 796 habeo
696 743 726 796 et
744 737 859 813 scripta
873 737 926 796 tibi
944 754 1008 799 om-

12 861 14 876 .
60 815 138 876 raab
152 816 248 878 Roma
265 833 336 877 esse
358 825 388 877 et
408 818 527 892 legatos
549 825 620 880 tuos
641 821 844 882 renuntiasse.
872 821 950 881 haec
968 836 1007 881 ne

57 900 202 961 diceremur
215 917 233 961 a
247 917 312 973 me,
328 918 390 962 uno
405 902 499 961 modo
515 903 609 962 vitare
623 903 762 977 potuisti,
781 921 842 964 non
859 919 1006 977 quaeren·

56 983 97 1055 do,
111 999 192 1057 quam
205 984 245 1044 ob
261 1000 386 1044 causam
404 986 556 1045 exereitus
571 985 601 1044 ia
616 985 827 1046 Macedoniam
841 987 1006 1048 traiceren-

12 1049 16 1134 i,
55 1074 101 1138 tur,
114 1073 162 1127 aut
177 1067 335 1142 praesidia
349 1069 380 1128 in
394 1067 552 1129 sociorum
570 1069 665 1129 urbes
685 1069 882 1130 mitteremus.
910 1086 1005 1146 quae

12 1149 13 1154 ’
54 1149 111 1209 renti
121 1149 169 1208 tibi
183 1151 348 1226 superbius
360 1152 575 1224 tacuissemus,
589 1168 681 1226 quam
693 1168 766 1212 vera
776 1153 1005 1227 respondimus.

54 1233 170 1306 equidem
185 1249 241 1308 pro
257 1241 387 1310 paterno
402 1242 508 1295 nostro
523 1235 658 1310 hospitio
675 1236 764 1295 faveo
780 1235 910 1295 orationi
924 1242 1005 1308 tuae,

53 1321 74 1374 et
83 1323 159 1391 opto,
172 1324 206 1376 ut
219 1318 354 1392 aliquam
368 1318 442 1378 rnihi
456 1318 610 1378 materiem
622 1318 772 1393 praebeas
785 1318 923 1394 agendae
934 1325 1006 1381 tuas

52 1400 116 1472 apud
128 1406 266 1460 senatum
284 1407 430 1464 causae.“

114 1483 182 1542 XLI.
202 1484 254 1544 Ad
278 1500 315 1544 ea
336 1501 391 1544 rex
417 1485 549 1557 „bonam
576 1501 716 1558 causam,
741 1485 768 1544 si
789 1487 872 1560 apud
887 1485 1005 1544 iudices

51 1579 144 1639 mquos
157 1573 314 1643 ageremur,
330 1568 414 1644 apud
428 1568 556 1628 eosdem
576 1576 607 1629 et
626 1575 822 1629 accusatores
843 1576 872 1628 et
886 1569 1004 1628 iudices

51 1659 126 1722 agam
152 1667 259 1712 eorum
275 1658 377 1711 autem
396 1668 475 1725 quae
496 1651 615 1712 obiecta
635 1658 708 1712 sunt
727 1652 815 1724 milri,
837 1652 944 1726 partim
966 1667 1001 1710 ea

50 1733 237 1809 santonibus
253 1736 360 1795 neseio
375 1751 414 1794 an
430 1734 552 1810 gloriari
567 1734 711 1809 debeam,
734 1735 842 1809 partim
864 1749 943 1809 quae
960 1734 1002 1792 ia·

49 1815 91 1873 teri
101 1831 155 1878 non
169 1817 367 1893 erubescam,
382 1821 490 1894 partim
507 1834 586 1893 quae
604 1816 699 1877 verbo
715 1816 938 1876 obiectaverbo
950 1831 1003 1874 ne·

49 1911 104 1969 gare
117 1901 161 1960 sit.
193 1901 382 1978 quidecim,
404 1902 430 1962 si
452 1901 572 1976 iegibus
593 1901 704 1960 vestris
726 1899 820 1960 hodie
841 1914 913 1959 reus
935 1898 1003 1971 sim,

18 2042 21 2051 ,
46 1989 86 2042 aut
96 1982 180 2046 index
194 1985 403 2047 Brundisinus
414 1992 470 2044 'aut
483 1985 636 2046 Eumenes
659 1983 731 2042 mihi
753 1982 880 2056 obiciat,
900 1989 934 2042 ut
953 1997 1003 2041 ac-

50 2077 135 2128 cusare
157 2069 262 2145 potius
284 2085 358 2128 vere
380 2085 473 2144 quam
491 2067 656 2128 conviciari
676 2067 859 2127 videamuri
886 2064 1006 2126 seilicet

48 2161 89 2208 ccc
99 2149 263 2225 Eumenes,
283 2167 352 2212 oum
369 2160 430 2229 lpm
444 2152 546 2212 multis
560 2151 663 2226 gravis
675 2151 796 2228 publice
810 2165 847 2210 ac
860 2149 1001 2225 privatim

49 2230 186 2306 stolium
203 2250 299 2312 quam
318 2251 368 2296 me
389 2235 542 2296 inimicum
562 2235 685 2304 habuit;
707 2250 809 2310 neque
829 2249 886 2308 ego
902 2233 1000 2308 potio-

47 2327 95 2374 rem
108 2329 289 2396 quemquam
304 2319 344 2381 ed
358 2318 525 2379 ministeria
536 2319 704 2380 facinorum
717 2335 808 2392 quam
820 2317 1001 2386 Rammium,

48 2413 116 2470 tuem
129 2419 229 2479 neque
243 2414 390 2476 umquam
405 2409 477 2462 ante
490 2401 628 2463 videram
648 2417 706 2462 nec
727 2417 810 2460 eram
833 2407 943 2475 postea
958 2398 1003 2456 vi-

47 2495 129 2559 surus,
148 2485 287 2548 invenire
308 2485 403 2561 potui.
434 2492 470 2545 'et
488 2486 716 2557 Thebanorum,
739 2499 819 2559 quos
842 2479 1001 2554 naufragio

46 2566 141 2636 perisse
154 2576 290 2642 constat,
306 2576 338 2629 et
351 2568 504 2630 Artotauri
525 2569 630 2629 caedis
650 2567 723 2626 mihi
743 2565 903 2626 reddenda
924 2563 1002 2622 ratio

46 2655 92 2718 est3
108 2652 134 2712 in
153 2670 214 2728 qua
227 2660 330 2714 tamen
346 2651 420 2711 nihil
435 2652 513 2712 ultra
528 2650 658 2720 obicitur
679 2665 771 2722 quarn
789 2648 1000 2708 interfectores

46 2729 94 2792 tius
106 2734 133 2796 in
146 2753 242 2812 regno
259 2738 423 2798 exsulasse
438 2751 517 2796 meo.
549 2736 635 2796 cuius
654 2730 845 2794 condicionis
860 2729 998 2804 iniquita-

45 2818 137 2878 territa
151 2837 213 2882 non
228 2831 298 2880 sum
313 2824 528 2892 recusaturus,
544 2819 643 2879 sivos
660 2831 784 2891 quoque
798 2813 953 2890 ancipitis,
969 2819 1002 2872 ut

46 2899 203 2978 quicumque
219 2904 345 2964 exsules
360 2902 391 2964 in
406 2903 522 2962 Italiam
538 2909 590 2963 aut
607 2903 737 2964 Romam
751 2915 787 2960 se
802 2900 1001 2971 contuderunt,

12 3039 14 3062 ι
45 2976 267 3058 immemorum,
283 2993 410 3061 propter
427 3001 509 3060 quae
525 2986 657 3048 damnati
678 2991 764 3060 sum,
786 2990 926 3046 auctores
942 2997 1000 3042 vos

12 3063 14 3096 l
45 3059 118 3126 fuisse
132 3071 295 3132 fateamini.
326 3071 353 3128 si
368 3071 429 3130 hoe
443 3078 473 3131 et
487 3085 544 3130 vos
559 3068 739 3130 recusabitis
754 3075 785 3128 et
799 3083 908 3128 omnes
922 3065 1001 3128 aliae

44 3157 143 3228 aemes,
158 3170 215 3228 ego
233 3169 359 3230 quoque
378 3153 457 3213 inter
476 3159 598 3216 ceteros
620 3169 683 3214 ero.
713 3159 742 3212 et
761 3151 899 3223 hercule,
925 3148 1000 3223 quid

12 3239 13 3244 ¹
45 3231 127 3296 athoet
141 3239 283 3314 cuiquam
300 3237 442 3298 exsilium
455 3243 573 3311 patere,
589 3238 617 3298 si
631 3251 785 3311 nusquam
807 3235 905 3297 exsuli
921 3235 1001 3290 futu-

45 3325 83 3374 rtts
95 3317 176 3381 locus
192 3329 260 3384 osta
290 3337 347 3397 ego
365 3327 466 3380 tanen
482 3321 576 3395 istos,
597 3328 631 3381 nt
651 3320 783 3396 primum
802 3319 833 3378 in
855 3313 999 3377 Macedo·

45 3395 81 3456 oia
92 3417 157 3464 ease
172 3405 345 3467 admonitus
365 3403 487 3464 euobis
502 3405 653 3481 comperi,
676 3403 841 3478 requisitos
862 3397 945 3458 abire
961 3409 1000 3452 ex

45 3489 329 3564 teracissimis
353 3494 535 3564 perpetuum
556 3486 698 3548 interdixi
720 3485 831 3624 limitans
857 3481 942 3538 meis.
968 3483 999 3534 et

12 941 14 1016 t
