2328 3870
197 158 240 224 oe
356 157 549 218 nrauaxn.
572 155 655 218 car,
670 164 825 219 sassa.
846 155 1022 233 mussa]

199 313 263 373 fixa
283 316 339 371 est
373 310 495 384 „duello
516 323 627 384 magno
645 307 832 382 dirimendo,
851 306 970 383 regibus
983 305 1109 380 subigeu'

200 401 293 471 caput
314 393 482 470 patrandae
501 391 589 469 pacis
602 391 681 452 haec
695 408 800 468 pugna
813 391 932 452 exeunti
945 390 976 450 L.
990 389 1094 450 Aemilio
1109 424 1111 435 ,

199 477 322 540 Aemilii
342 476 406 538 fllio
419 475 453 518 **
466 475 606 552 auspicio
627 475 756 551 imperio
777 475 917 536 felicitate
937 474 1071 548 ductuque
1091 471 1114 515 ³1

200 565 279 624 inter
297 562 455 637 Ephesum
478 559 601 622 Samum
623 558 793 635 Chiumque
816 557 1002 635 inspectante
1023 572 1067 618 eos
1085 571 1114 614 u.

199 646 369 719 Antiocho,
390 646 528 705 exercitu
544 643 640 717 omni,
662 643 800 719 equitatu
812 641 1043 719 elephantisque,
1056 640 1115 699 ola<

200 731 283 808 regis
297 728 441 790 Antiochi
461 735 551 788 antea
567 728 617 788 sio
628 728 709 788 victa
723 727 793 788 lusa
806 735 935 813 contusa
947 727 1087 802 fugataque
1102 746 1115 771 a

200 816 305 889 ibique
330 829 368 873 eo
390 809 441 873 die
460 827 557 872 naves
577 813 689 888 longae
709 826 777 871 curn
798 811 945 872 omnibus
960 810 1044 872 sociis
1061 823 1098 867 ca

202 896 405 975 quadraginta
425 896 514 956 duae.
547 911 585 956 ea
604 913 709 972 pugna
729 905 864 970 pugnata
883 911 940 956 rex
953 890 1097 956 Antiochus

200 996 357 1058 gnumque
369 978 402 1017 **
415 981 482 1040 eius
502 980 547 1041 rei
567 995 641 1055 ergo
662 981 769 1040 aedem
783 980 914 1041 Laribus
929 974 1114 1056 permarinisu

200 1067 274 1127 uit.“
306 1064 418 1126 eodem
443 1065 587 1140 exemplo
609 1065 714 1126 tabula
733 1065 762 1124 in
786 1066 863 1124 aeda
880 1065 964 1126 Iovis
983 1063 1011 1122 in
1031 1058 1111 1136 Capito

203 1148 572 1227 wmmmm

285 1232 361 1294 Llll.
382 1232 492 1305 Biduo,
509 1249 572 1308 quo
587 1239 727 1292 sonatum
739 1233 880 1307 legerunt
893 1245 1044 1303 censores,
1057 1225 1111 1301 pl

201 1315 271 1378 vius
293 1316 402 1377 consul
424 1317 582 1391 proiectus
595 1314 626 1375 in
641 1314 783 1389 Ligures,
805 1330 861 1390 per
873 1314 975 1376 invios
989 1320 1091 1374 mentes
1106 1334 1109 1343 ·

202 1403 312 1474 lesque
331 1400 429 1459 saltus
451 1413 521 1458 curn
541 1396 679 1458 exercitu
699 1406 928 1472 uansgressus,
951 1397 1042 1473 signis
1060 1395 1111 1456 coll

203 1497 272 1542 cum
286 1481 376 1542 hoste
391 1481 555 1555 pugnavit;
576 1495 679 1555 neque
693 1487 809 1542 tantum
826 1481 892 1542 acie
906 1482 994 1555 vicit,
1014 1479 1064 1540 sed
1075 1493 1110 1538 ca

138 1615 141 1622 .
203 1579 328 1641 quoque
340 1563 450 1624 eodem
462 1563 511 1623 die
523 1561 613 1639 cepit.
636 1563 694 1624 tn'a
703 1565 786 1625 milia
794 1565 917 1625 ducenti
929 1565 1057 1628 hostium
1066 1578 1113 1624 on

203 1664 264 1725 que
278 1664 317 1710 ea
330 1647 416 1722 regio
427 1646 572 1723 Ligurum
587 1647 616 1706 in
629 1647 816 1710 deditionem
827 1649 920 1710 venit
944 1648 1050 1711 consul
1060 1642 1114 1705 de'

201 1734 232 1793 in
247 1738 439 1810 campestres
459 1747 552 1808 agros
567 1732 708 1806 deduxit,
730 1732 948 1809 praesidiaque
966 1731 1120 1792 montibus

203 1819 315 1895 posuit.
341 1817 480 1878 celeriter
494 1813 528 1854 **
544 1821 629 1877 etex
644 1815 805 1893 provincia
819 1817 936 1877 litterae
949 1817 1074 1878 Romam
1085 1827 1114 1872 ve

200 1909 288 1964 runta
310 1900 555 1977 supplicationes
576 1901 617 1962 ob
631 1917 686 1961 eas
700 1915 751 1960 res
765 1910 870 1976 gestas
886 1901 916 1961 in
931 1901 1062 1962 triduum
1073 1898 1125 1958 det

201 1995 253 2048 tae
272 1992 361 2056 sunt;
392 1992 551 2060 praetores
577 1985 780 2060 quadraginta
803 1984 913 2046 hostiis
938 1984 1094 2046 maioribus
1121 2014 1123 2021 ,

201 2069 443 2145 supplicationes
463 2083 528 2127 rem
548 2067 682 2128 divinam
703 2069 848 2129 lecerunt
881 2069 920 2128 ab
940 2071 1038 2131 altaro
1057 2081 1115 2128 con

200 2153 234 2211 L.
248 2151 362 2212 Manlio
378 2149 452 2209 nihil
465 2151 612 2211 memoria
627 2150 751 2227 dignum
766 2153 796 2212 in
810 2150 976 2228 Liguribus
992 2160 1041 2215 est
1054 2167 1102 2227 ges

202 2233 279 2295 Galli
298 2232 504 2307 Transalpini,
525 2233 582 2293 tria
603 2234 684 2294 milia
702 2236 872 2309 hominum,
898 2235 929 2296 in
948 2235 1064 2298 ltaliam
1082 2241 1125 2301 tra

200 2315 316 2392 gressi,
338 2315 489 2378 neminem
505 2316 585 2378 bello
601 2318 790 2382 lacessentes
805 2335 910 2396 agrum
925 2337 945 2380 a
960 2318 1097 2382 consulib

202 2409 313 2463 senatu
339 2399 497 2478 petebant,
524 2408 558 2461 ut
578 2401 678 2478 pacati
702 2404 762 2464 snb
782 2403 909 2480 imperio
930 2405 1040 2480 populi
1057 2403 1117 2462 Rou

201 2493 315 2548 essent
344 2500 399 2546 eos
414 2491 540 2546 senatus
555 2486 706 2547 excedere
720 2488 805 2548 ltalia
818 2488 916 2561 iussit,
931 2495 962 2548 et
977 2487 1124 2548 consule

199 2569 339 2634 Fulvium
355 2585 503 2647 quaerere
518 2577 549 2631 et
562 2567 804 2632 animadvertere
818 2572 849 2631 in
863 2587 935 2646 cos,
962 2571 1016 2647 qui
1032 2565 1120 2648 princ

201 2663 231 2716 et
245 2665 389 2719 auctores
405 2654 640 2716 transcendendi
655 2655 752 2730 Alpes
767 2656 908 2716 luissent.

285 2741 363 2800 LIV.
385 2738 502 2800 Eodem
518 2755 599 2800 anno
614 2737 772 2815 Philippus
785 2755 842 2800 rex
854 2739 1075 2812 Macedonum,
1095 2753 1127 2796 ÷s

200 2828 231 2881 et
245 2838 384 2884 maerore
395 2830 594 2898 consumptus
610 2829 818 2898 postmortem
829 2822 892 2897 filii,
908 2822 1054 2884 decessit
1075 2822 1126 2881 De

200 2903 296 2963 triade
316 2903 511 2978 hibernabat,
532 2921 601 2966 curn
616 2905 770 2968 desiderio
785 2908 895 2968 anxius
910 2905 978 2978 filii,
999 2913 1065 2967 tum
1079 2918 1125 2981 pa

200 2986 293 3047 tentia
313 2986 500 3048 crudelitatis
520 3003 597 3050 snae
611 2989 829 3066 saeuitiaeque.
862 2991 1037 3052 stimulabat
1050 2988 1121 3049 aniu
1153 3060 1156 3061 ⁷

200 3076 231 3130 et
249 3071 325 3131 alter
345 3069 426 3130 lilius
447 3069 529 3132 haud
549 3072 642 3134 dubie
656 3081 687 3133 et
701 3091 760 3135 sua
772 3083 803 3135 et
815 3075 944 3136 aliorum
957 3073 1102 3151 opinione
1113 3086 1138 3128 r*

201 3152 406 3231 conversique
426 3155 457 3214 in
479 3171 548 3215 eum
570 3157 704 3217 omnium
721 3158 814 3230 oculi,
836 3165 866 3219 et
880 3159 1021 3219 destituta
1035 3158 1158 3218 senecta

199 3236 266 3299 aliis
285 3239 536 3314 exspectantibus
551 3256 638 3300 sunm
650 3250 786 3314 mortem,
802 3241 869 3302 aliis
880 3257 919 3301 nc
930 3237 1158 3316 exspectantibu

201 3323 334 3396 quidem.
357 3337 419 3396 quo
431 3322 528 3396 magis
540 3323 716 3397 angebatur,
730 3332 840 3386 etcum
851 3341 888 3386 eo
899 3325 1072 3401 Antigonus
1083 3319 1158 3384 Lchr

200 3407 292 3467 cratis
309 3405 405 3476 filius,
421 3420 531 3466 nomen
547 3406 644 3480 patrui
658 3406 804 3482 Antigoni
819 3407 937 3483 terens,
953 3407 1003 3485 qui
1017 3414 1101 3468 tutor
1112 3399 1158 3463 Phi
