2328 3870
163 219 274 282 LIBER
293 220 352 280 XL.
376 219 460 280 CAP.
474 227 519 281 54.
530 229 575 280 55.
590 225 627 291 [a.
643 225 676 276 C.
691 225 754 291 179]
913 218 955 282 99

23 371 77 448 lippi
86 372 178 446 luerat,
195 371 297 446 regiae
311 371 359 430 vir
371 371 554 444 maiestatis,
569 367 666 430 nobili
679 371 770 433 etiam
786 387 888 448 pugno
902 373 956 436 ad·

26 471 101 516 remus
115 455 299 516 Cleomenem
311 453 589 514 Lacedaemonium
605 454 716 514 clarus.
745 464 874 516 tutorem
887 472 957 518 eum

12 537 109 609 phaed,
124 545 154 597 ut
167 539 346 613 cognomine
361 554 380 598 a
395 538 504 598 ceteris
518 536 644 612 regibus
659 537 888 614 distinguerem,
904 555 956 615 ap-

12 615 14 752 ,
64 631 140 681 munt.
161 621 251 684 huius
265 622 367 681 fratris
382 621 464 681 illius
478 621 651 696 Anhgonus
666 636 707 682 ex
720 622 878 683 honoratis
888 622 957 682 Phi·

29 701 35 720 ''
49 705 73 780 pi
82 704 172 766 unicis
186 722 267 766 unus
279 705 476 780 incorruptus
489 710 714 780 permansura
729 705 820 780 eiquo
831 705 958 766 eolides

12 789 171 890 Ιιιιιιιιιιιιιιιιιι
184 790 316 850 amicum
326 787 440 849 Persea
450 788 690 850 inimicissimum
705 789 828 859 iecerat
848 790 876 850 is
887 805 958 865 pro·

12 872 118 946 ¹aspiciens
130 873 243 945 animo,
266 878 380 947 quanto
396 887 464 932 cum
478 873 615 948 periculo
630 887 688 934 suo
702 872 858 934 hereditas
871 873 958 948 regni

12 953 111 1050 luculum
121 963 200 1018 esset
213 957 253 1016 ad
267 956 398 1028 Persea,
418 962 453 1016 ul
466 956 595 1030 primum
609 956 713 1016 labare
727 955 860 1018 animum
874 955 958 1032 regis

18 1035 220 1113 dhgemiscere
235 1039 387 1101 interdum
402 1038 456 1100 filii
471 1038 626 1101 desiderio
640 1040 752 1115 sensit,
774 1057 856 1102 nunc
870 1056 958 1116 prae-

12 1052 89 1206 hado
98 1139 188 1199 aures,
203 1140 287 1184 nunc
297 1123 482 1184 lacessendo
493 1123 582 1183 etiam
595 1123 779 1184 mentionem
789 1125 834 1184 rei
845 1131 959 1185 temere

22 1350 26 1359 .
58 1205 960 1367 lllttlltllltllltlllltlllllhllltittl

56 1389 125 1448 ‚quo
138 1373 287 1435 maturius
302 1373 405 1435 omnia
419 1379 605 1434 emanarent
634 1374 771 1449 suspecli
786 1381 820 1435 ul
833 1373 960 1434 ministri

51 1454 124 1516 inoris
136 1459 263 1534 Apelles
285 1458 417 1518 maxime
431 1464 462 1518 et
475 1456 627 1518 Philocles
643 1464 743 1530 erant,
765 1457 818 1533 qul
830 1458 959 1520 Roman

65 1539 208 1603 tiluerant
228 1543 409 1616 litterasque
429 1539 567 1601 exitiales
584 1541 737 1602 Demetrio
759 1540 816 1602 sub
837 1541 960 1602 nomine

42 1622 136 1684 auinini
155 1627 326 1686 attulerant.
352 1624 415 1684 LV.
444 1625 539 1686 salsas
560 1640 632 1686 esse
646 1631 677 1684 el
690 1641 709 1684 a
724 1623 825 1686 scriba
840 1625 959 1686 vitiatas

19 1699 159 1782 lignumque
168 1709 374 1770 adulterinum
385 1710 477 1784 vulgo
487 1707 519 1768 in
530 1709 616 1782 regia
627 1708 804 1768 fremebant.
826 1714 959 1769 ceterum

20 1799 66 1848 tum
76 1800 208 1867 suspecta
221 1793 322 1867 magis
337 1807 429 1868 quem
443 1791 605 1852 manifesta
619 1798 705 1852 esset
716 1805 784 1862 res,
805 1791 883 1850 forte
897 1790 960 1867 Xy·

45 1887 71 1931 us
87 1874 186 1938 obvius
200 1878 236 1938 fit
251 1876 420 1952 Antigono,
442 1874 749 1951 comprehensusque
764 1873 803 1933 ab
818 1889 855 1933 eo
870 1873 899 1932 in
916 1888 962 1932 re·

34 1951 38 1964 ”
90 1967 131 2020 est
148 1962 325 2035 perductus.
358 1960 464 2020 relicto
486 1975 524 2019 eo
540 1956 721 2018 custodibus
735 1957 908 2032 Antigonus
923 1956 963 2015 od

20 2031 151 2116 Philippum
169 2044 332 2120 processit.
368 2044 510 2117 ‚‚multis“
531 2043 630 2117 inquit
649 2041 861 2115 „sermonibus
875 2040 962 2101 intel-

13 2115 102 2198 ddisse
111 2127 214 2189 videor
224 2143 338 2202 magno
351 2133 380 2186 te
393 2126 630 2198 aestimatorum,
647 2125 674 2186 si
685 2125 766 2187 scire
777 2140 850 2186 vera
862 2124 963 2185 omnia

13 2199 94 2280 [possis
107 2209 141 2269 de
153 2212 224 2273 filiis
242 2213 317 2286 tuis,
333 2216 400 2270 uter
413 2211 453 2271 ab
466 2217 534 2272 ulro
549 2211 662 2286 petitus
677 2209 785 2270 fraude
799 2217 830 2271 el
843 2207 963 2274 insidiis

14 2293 85 2348 'esset
106 2291 191 2357 homo
206 2311 289 2357 unus
303 2295 453 2367 omniurn,
478 2295 531 2370 qui
546 2293 660 2354 nodum
674 2293 765 2354 huius
781 2294 895 2356 erroris
909 2307 962 2354 ox·

14 2370 108 2498 proluere
118 2381 223 2455 possit,
235 2379 265 2439 in
278 2385 432 2454 potestate
442 2386 494 2440 tua
505 2377 722 2456 esthchus.“
741 2377 963 2438 lorteoblatum

14 2455 224 2546 i'perductumque
244 2463 275 2524 in
290 2462 405 2537 regiam
424 2463 528 2522 vocari
542 2462 668 2521 iuberet.
698 2461 849 2522 adductus
866 2461 963 2536 primo

14 2539 49 2624 {¹¹³
63 2555 156 2616 negare
176 2548 400 2616 inconstanter,
423 2553 456 2607 ut
470 2560 567 2621 parvo
588 2551 670 2605 metu
686 2544 809 2604 admoto
826 2551 964 2618 paralum

16 2612 118 2686 ‘indicem
135 2645 205 2692 esse
226 2636 399 2707 appareret.
432 2635 630 2704 conspectum
650 2627 773 2688 tortoris
788 2626 963 2685 verberum·

15 2715 120 2774 ¹lltucn
130 2715 280 2786 sustinuit,
296 2713 496 2788 ordinemque
508 2727 629 2772 omnem
641 2709 785 2771 facinoris
796 2710 964 2784 legatorum

15 2769 202 2874 ministeriique
229 2799 277 2859 sui
303 2795 457 2872 exposuit.
489 2797 644 2872 extemplo
665 2793 751 2854 missi
773 2795 825 2869 qui
847 2795 964 2868 legatos

26 2878 295 2955 coprehenderent,
309 2879 489 2954 Philoclem,
506 2880 558 2956 qul
573 2893 723 2956 praesens
739 2886 819 2951 erat,
835 2893 964 2956 oppres·

27 2963 111 3018 amnt:
124 2966 247 3041 Apelles
258 2965 372 3026 missus
384 2965 424 3025 ad
433 2963 598 3024 Chaeream
610 2964 764 3039 quendam
774 2978 963 3040 persequen-

27 3031 74 3098 ltu
88 3042 189 3111 indicio
203 3049 304 3127 Xychi
325 3046 429 3109 audito
451 3049 481 3108 in
496 3048 612 3107 ltaliam
627 3049 753 3110 traiecit.
777 3048 817 3108 de
830 3047 965 3109 Philocle

27 3115 75 3181 lhll
91 3132 153 3192 certi
172 3134 328 3209 vulgatum
348 3139 408 3192 est=
438 3132 487 3192 alii
510 3132 607 3206 primo
622 3133 779 3192 audaciter
794 3138 964 3206 negantem,

28 3213 151 3284 listquam
165 3217 195 3276 in
212 3222 412 3293 conspectum
427 3215 578 3276 adductus
594 3216 634 3277 sil
646 3214 791 3293 Xychus,
811 3232 873 3276 non
886 3217 966 3275 ultra

27 3285 168 3373 “lindisse
185 3300 236 3362 alii
249 3307 400 3361 tormento
416 3298 506 3359 etiam
520 3297 700 3360 infitiantem
714 3314 898 3375 perpessum
912 3297 965 3356 ad·

30 3363 122 3466 lunam
146 3383 281 3462 Philippo
303 3383 525 3458 redintegratus
541 3392 589 3445 est
602 3385 701 3444 luctus
716 3383 964 3458 geminatusquer

31 3457 49 3508 et
59 3459 235 3530 infelicitatem
251 3485 339 3530 suem
353 3467 383 3528 in
399 3467 502 3528 liberis
515 3469 703 3540 graviorem,
725 3464 809 3583 quod
824 3463 900 3519 altor
915 3475 959 3517 su·
