2328 3870
210 234 325 293 LIBER
337 233 412 293 XLI.
434 234 518 293 CAP.
529 239 575 295 27.
588 241 633 296 28.
656 237 693 306 [a.
707 239 740 292 c.
754 239 816 307 174]
938 233 1000 296 129

48 385 261 446 clrcnmducend
282 383 314 422 **
336 394 367 446 et
384 386 484 446 lorum
500 383 672 460 porticibus
696 382 896 460 tabernisque
919 385 999 445 clau·

3 523 4 530 ,
48 469 161 528 dandum
182 477 212 528 et
231 471 323 532 Ianos
343 476 406 531 tres
422 469 597 532 faciendost
620 469 698 532 llaec
722 470 760 529 ab
782 485 845 530 uno
869 483 1000 530 censore

50 568 126 628 opera
140 554 238 612 locata
257 569 327 614 cum
348 569 459 628 magna
477 549 577 630 gratia
595 555 787 615 colonorum.
811 551 841 612 in
863 551 1001 613 moribus

3 681 4 704 ,
49 652 152 711 qaoque
169 637 314 710 regendis
333 637 462 714 diligens
482 643 513 698 et
530 641 644 698 severa
663 651 795 698 censura
813 633 877 696 luit.
898 634 1000 696 multis

3 757 5 768 .
50 735 62 777 ι
246 763 255 779 .

3 773 5 884 Γ
64 718 251 862 affin
264 802 356 862 Exitu
374 813 478 878 prope
493 803 563 862 anni
585 803 665 862 diem
687 802 871 877 supplicatio
894 803 949 864 luit
965 804 1005 863 ob

3 911 4 958 ι
46 901 83 944 res
101 902 242 961 prospere
262 895 367 960 gestas
385 887 415 946 in
436 886 585 960 Hispania
604 886 698 946 ductu
720 887 923 962 auspicioque
943 889 1004 962 Ap.

45 967 137 1029 clandii
156 969 370 1045 proconsulis;
400 977 431 1030 et
450 969 615 1029 maioribus
635 966 745 1029 hostiis
766 968 870 1045 viginti
886 970 1005 1031 sacriti-

3 1059 132 1112 catum
160 1059 189 1114 et
202 1054 331 1114 alterum
353 1053 433 1113 diem
454 1051 638 1128 supplicatio
654 1052 693 1112 ad
709 1052 826 1114 Cereris
841 1052 941 1113 Liberi
954 1053 1005 1113 Li·

46 1133 175 1213 beraeque
196 1136 268 1209 luit,
292 1137 375 1210 quod
390 1151 430 1195 cx
445 1135 568 1196 Sabinis
581 1143 681 1197 terrae
694 1137 818 1195 motus·
810 1151 918 1211 rogans
935 1152 1004 1196 cum

3 1113 6 1274 ἰ
45 1219 124 1279 mults
143 1219 350 1280 aedificiorum
371 1218 638 1280 ruinisnuntlotus
653 1225 727 1279 erat.
756 1233 825 1278 curn
840 1220 899 1293 Ap.
916 1218 1003 1279 Clau·

3 1275 99 1361 'dius
117 1318 153 1363 ex
165 1301 318 1401 Hispania
337 1303 465 1364 Romam
485 1301 633 1375 redisset,
655 1301 791 1362 decrevit
811 1309 952 1376 senatus,
973 1309 1005 1362 ut

47 1399 122 1446 ovans
141 1387 276 1447 urbem'
268 1388 366 1446 rniret.
399 1385 460 1446 iam
477 1349 650 1447 consularia
665 1383 786 1447 comitia
801 1386 1003 1462 appetebant;

45 1466 134 1540 quibus
157 1487 269 1545 magna
293 1469 486 1530 contentione
506 1469 617 1530 habitis
638 1478 765 1545 propter
784 1471 1003 1532 multitudinem

47 1553 184 1622 petentium
211 1553 307 1614 creati
331 1553 365 1613 L.
386 1553 560 1614 Postumius
587 1553 718 1615 Albinus
743 1561 774 1614 et
793 1553 833 1614 Μ.
855 1553 1003 1630 Popillius

3 1685 6 1704 ,
46 1631 150 1697 Laenas.
169 1643 331 1713 praetores
346 1637 418 1696 inde
433 1637 504 1698 lacti
517 1637 552 1696 N.
563 1637 676 1698 Fabius
690 1639 788 1699 Buteo
798 1637 838 1698 Μ.
850 1638 1003 1699 Matienus

47 1713 69 1772 C.
80 1718 219 1782 bicareius
233 1719 276 1780 Μ.
290 1719 400 1780 Furius
416 1721 577 1796 Crassipes
597 1720 706 1782 iterum
719 1722 757 1780 A.
772 1721 882 1782 Atilius
897 1719 1002 1782 Serra·

47 1815 90 1860 nus
107 1802 207 1864 iterum
228 1804 259 1864 C.
278 1803 400 1864 Cluuius
422 1801 538 1864 Saxula
558 1804 675 1864 iterum.
708 1803 836 1864 comitiis
858 1804 1003 1878 perlectis

46 1883 238 1956 labrandius
261 1887 376 1948 Centho
398 1903 438 1947 ex
458 1886 617 1948 Celtiberis
638 1901 736 1946 ovans
757 1901 826 1947 cum
846 1887 877 1946 in
897 1885 1004 1946 urbem

47 1963 127 2043 loiret,
146 1972 252 2033 decem
273 1971 354 2030 milia
374 1973 478 2048 pondo
494 1971 626 2046 argenti,
649 1971 785 2045 quinque
799 1968 880 2029 milia
894 1969 959 2029 auri
974 1969 1004 2028 in

47 2053 169 2114 aerarium
179 2055 257 2116 tulit.
273 2052 384 2116 flamen
396 2055 491 2115 Dialis
503 2056 701 2128 inauguratus
713 2061 761 2113 est
773 2054 825 2113 Cn.
835 2053 1003 2114 Cornelius.

107 2135 220 2199 llodem
242 2153 323 2198 anno
344 2139 447 2198 tabula
467 2139 496 2198 in
518 2139 595 2198 aede
608 2137 713 2198 matris
727 2137 861 2198 Matutae
876 2151 945 2199 cum
960 2136 1002 2196 in·

47 2213 97 2275 diae
113 2219 167 2282 boc
185 2221 290 2298 posita
305 2229 361 2282 est.
390 2222 451 2297 ,.,Μ
468 2220 640 2296 Sempronii
655 2220 783 2282 Gracchi
799 2221 958 2282 consulis
950 2235 1005 2281 rm
1049 2257 1051 2262 ,

47 2300 113 2370 perio
124 2306 326 2402 auspicioque
339 2268 419 2380 regio
435 2306 651 2380 exercitusque
665 2305 773 2380 populi
786 2304 916 2367 Romani
932 2302 1002 2365 Sar·

48 2381 135 2446 liniam
154 2390 286 2464 subegit.
313 2388 342 2449 in
366 2405 403 2449 ea
418 2389 577 2464 larovincia
589 2388 725 2449 bostium
741 2403 833 2449 caesa
848 2395 900 2448 aut
914 2395 1004 2462 capta

47 2478 121 2540 snpra
133 2473 288 2548 octoginta
301 2471 392 2534 milia.
423 2473 594 2549 republica
609 2469 787 2532 felicissime
800 2479 896 2546 gesta,
912 2479 1007 2544 atqua

39 2546 156 2641 liberatis
167 2555 202 2594 **
216 2555 424 2630 vectigalibus
434 2555 591 2628 restitutis,
603 2554 770 2614 exmciturn
782 2555 900 2614 salvum
912 2563 1006 2627 atque

48 2628 203 2700 incolunem
220 2640 429 2715 plenissimum
441 2639 557 2715 praeda
568 2638 690 2698 domurn
702 2635 880 2710 reportavit,
896 2635 1006 2696 iterum

48 2715 240 2797 triumphans
232 2740 262 2783 ιιι
282 2723 389 2783 urbem
404 2724 533 2784 Romam
546 2720 646 2781 rediit.
675 2719 763 2780 ciuus
776 2718 823 2780 rei
838 2734 911 2794 ergo
926 2719 1007 2782 hanc

49 2799 154 2866 tabulam
169 2808 285 2868 donum
299 2807 363 2867 lovi
378 2807 490 2867 dedit.“
514 2804 674 2866 Sardiniae
687 2803 807 2862 insulae
821 2804 919 2864 lomna
930 2811 995 2864 erat

48 2889 118 2958 alque
130 2889 158 2950 in
172 2905 211 2952 ea
224 2892 388 2952 simulacra
404 2905 574 2966 pugnarum
589 2889 679 2964 plata.

110 2970 232 3035 Munera
242 2975 443 3050 gladiatomm
455 2990 492 3035 eo
505 2989 585 3034 anno
597 2971 724 3048 aliquot,
740 2987 835 3047 parva
847 2972 907 3035 alia
918 2972 1005 3033 datar

49 3060 118 3112 unum
137 3065 205 3120 ante
226 3065 330 3120 cetera
349 3058 468 3133 insigne
490 3058 546 3118 luit
558 3056 591 3116 Τ.
605 3053 778 3130 Flaminini,
801 3057 884 3132 quod
899 3056 1005 3118 mortis

51 3143 122 3196 causo
132 3143 222 3214 patris
234 3140 284 3204 sui
296 3140 735 3216 conviscerationeepuloque
744 3147 775 3200 et
784 3140 864 3202 ludis
872 3140 1004 3201 scenicis

52 3220 230 3286 lladriduum
247 3225 340 3286 dedit.
368 3225 469 3300 magni
485 3233 585 3286 tamen
600 3221 737 3284 muneris
751 3239 790 3282 ea
804 3239 923 3284 summa
938 3221 1004 3294 luit,

50 3305 74 3356 n
83 3316 131 3376 per
140 3308 269 3370 triduum
283 3316 427 3385 quattuor
436 3316 466 3370 et
477 3307 670 3384 septuaginta
679 3305 818 3366 homines
830 3303 1003 3382 pugnarint.

402 3499 611 3509 -..α-.-

86 3568 104 3608 ι.
117 3570 169 3616 ιιιι
182 3574 257 3618 anns
273 3561 309 3618 V.
338 3616 340 3620 ,
778 3562 795 3612 9
