2328 3870
152 195 214 261 154
318 193 433 256 LIBER
447 193 534 253 XLII.
557 191 641 251 CAP.
654 199 698 253 30.
711 199 756 252 31.
779 197 816 264 [a.
828 195 862 246 U.
873 212 898 246 c.
909 193 973 261 581]

153 346 328 424 principum
349 343 472 403 diversa
491 356 636 403 cerneres
651 340 763 403 studia.
787 355 861 418 pars
877 339 920 400 ita
935 339 964 398 in
978 339 1116 399 Romanos

154 429 245 490 eit'usi
261 434 360 500 erant,
380 433 415 486 ut
429 425 636 486 auctoritatem
659 425 823 485 immodico
838 426 948 484 lavore
963 437 1119 496 eorrumpe-

153 519 231 585 rent,
248 511 338 586 pauci
352 525 392 570 ex
407 510 444 569 iis
460 507 573 574 iustitia
587 506 707 583 imperii
720 508 855 568 Romani
864 507 958 584 capti,
973 506 1070 581 plures
1080 505 1119 578 ita,

157 597 184 656 si
198 594 397 670 praecipuam
417 607 544 667 operam
564 598 747 664 necassent,
770 597 914 666 potentes
929 603 1001 650 sese
1019 587 1048 648 in
1062 586 1121 647 civi·

157 677 270 740 tatibus
290 675 357 738 auis
379 676 498 736 tuturos
518 675 585 735 rati.
619 689 693 750 pars
714 675 810 736 altera
829 673 936 749 regiae
957 669 1121 732 adulationis

158 767 232 829 erut,
250 775 329 836 quos
341 774 395 818 aes
407 758 539 818 alienum
550 765 580 818 et
590 758 766 833 desperatio
776 773 879 818 rerum
893 771 1020 817 suarum
1030 753 1122 815 eodem

158 851 299 905 manente
331 847 413 902 statu
443 841 629 916 praecipites
653 841 693 900 ad
718 842 865 901 novanda
889 838 994 902 omnia
1017 835 1122 912 agellulo

160 925 311 1003 quosdam
325 931 488 984 ventosam
508 924 678 1000 ingenium,
700 925 774 1000 quia
786 923 923 984 Perseus
937 921 1035 997 magis
1048 931 1123 980 aurae

160 1008 320 1085 popularis
332 1015 407 1067 eret.
417 1008 505 1069 tertia
514 1023 596 1082 pars,
608 1008 724 1082 optime
732 1007 843 1067 eadem
855 1014 887 1068 et
893 1001 1123 1082 prudentissima,

161 1092 188 1152 si
198 1091 305 1166 utique
316 1092 400 1165 optio
412 1090 526 1152 domini
538 1090 810 1166 potiorisdaretur,
823 1089 1124 1160 subRomauis-quou

162 1175 221 1236 sub
241 1189 316 1249 rege
336 1174 469 1234 malebat
489 1189 577 1234 esser
605 1173 633 1234 si
647 1173 776 1234 liberum
791 1173 864 1233 inde
878 1171 1035 1234 arbitrium
1048 1170 1124 1229 iouu-

162 1273 222 1317 nae
243 1265 341 1332 esset,
362 1265 500 1318 neutrum
521 1265 638 1331 partem
658 1257 805 1318 volebant
824 1255 1030 1333 potentiorem
1049 1253 1125 1311 altore

162 1354 317 1415 oppressa
330 1339 405 1413 fleri,
421 1340 477 1400 sed
492 1340 614 1401 illibatis
630 1340 732 1416 potius
744 1338 862 1400 viribus
874 1331 1124 1416 utriusquepartis

163 1437 272 1499 pacem
297 1435 338 1480 ex
363 1437 464 1496 aequo
489 1438 629 1482 maneres
657 1423 700 1483 ita
724 1424 802 1483 inter
826 1430 982 1500 utrosque
1001 1419 1124 1496 optimam

163 1502 378 1564 condicionem
393 1503 558 1564 civitatium
574 1507 640 1566 lore
654 1513 835 1581 protegente
849 1509 949 1570 altero
965 1515 1081 1578 semper
1091 1497 1125 1556 in·
1160 1579 1161 1582 Ἴ

164 1601 254 1659 opem
275 1585 314 1645 ab
335 1587 457 1647 alterius
481 1587 601 1648 iniuria.
622 1588 701 1649 haec
715 1590 884 1650 sentientes
900 1587 1062 1650 certamina
1074 1584 1124 1641 lau·
1160 1583 1161 1640 ἴ

162 1677 263 1732 torum
277 1669 438 1746 nutusque
450 1671 546 1746 partis
561 1670 645 1732 taciti
660 1689 700 1732 ex
715 1678 780 1734 tuto
795 1675 990 1748 spectabant.
1160 1695 1161 1698 ¹

249 1753 400 1814 Consules
422 1771 484 1828 quo
506 1755 556 1816 die
569 1756 779 1830 magistratum
794 1756 943 1832 inierunt,
967 1754 1123 1817 exseratur

163 1836 306 1898 consulto
328 1851 397 1895 cum
419 1836 501 1897 circa
521 1840 622 1898 omnia
642 1840 728 1914 iana,
752 1839 782 1898 in
798 1839 915 1916 quibus
931 1829 1125 1902 lectistemiuu

165 1917 312 1978 maiorem
327 1927 445 1992 partem
459 1919 531 1981 anni
546 1937 618 1983 esso
632 1923 720 1992 solet,
735 1923 903 1984 maioribus
921 1921 1033 1984 hostiis
1039 1919 1125 1977 imno

165 2003 297 2073 lassent,
319 2001 390 2060 iude
413 2018 524 2078 preces
545 2021 620 2065 suaa
635 2013 779 2080 acceptas
794 2007 834 2066 ab
849 2007 910 2068 diis
927 1997 1124 2067 immortalibus

165 2082 298 2155 ominati,
313 2085 433 2145 senatui
447 2086 505 2146 rite
515 2087 719 2149 sacrificatum
733 2088 1006 2166 precationemque
1017 2077 1126 2146 deleto
1160 2155 1161 2158 Ἴ

164 2167 276 2226 iactam
290 2167 511 2228 renuntiarunt.
532 2168 715 2246 haruspices
730 2172 771 2233 ita
779 2175 1018 2250 responderunt,
1034 2167 1058 2228 si
1068 2159 1125 2238 illd
1160 2223 1161 2228 η

164 2247 210 2340 rei
234 2261 337 2306 novae
356 2247 555 2324 inciperetur,
580 2253 611 2313 id
633 2257 846 2317 maturandum
867 2273 958 2320 esse:
981 2247 1125 2315 victoriam

68 2343 71 2348 ’
164 2328 364 2427 triumphum,
375 2334 628 2409 propagationem
638 2341 744 2412 finium
753 2343 907 2416 pmencli.
926 2347 1046 2419 putrer,
1065 2324 1127 2422 ortvs!

162 2412 299 2508 [omium
315 2413 450 2490 lelrxque
466 2421 581 2494 populo
596 2421 736 2482 Romano
752 2431 846 2499 esset,
862 2421 1037 2487 centuriatis
1051 2427 1126 2476 comt·

164 2503 214 2555 tus
236 2508 333 2569 primo
355 2515 480 2575 qunque
502 2503 551 2562 die
571 2504 652 2565 lerre
672 2506 710 2566 ud
726 2509 875 2581 populum
890 2509 1034 2570 consules
1048 2501 1127 2560 iusse·
1160 2539 1161 2542 η

164 2583 249 2648 runt,
274 2586 306 2638 ut
327 2583 411 2654 quod
431 2584 564 2647 Perseus
585 2585 717 2664 Philippi
738 2589 836 2666 iilius,
857 2592 1063 2654 Macedonum
1075 2589 1126 2646 ret

164 2658 318 2722 adversus
330 2663 443 2759 ⁸foedus
460 2683 527 2729 cum
542 2677 630 2744 patre
643 2672 786 2748 Philippo
801 2675 894 2736 ictum
910 2685 942 2738 et
955 2685 1057 2737 secum
1069 2660 1127 2740 9⁰⁵²

165 2746 294 2836 mortem
310 2759 376 2806 erus
391 2758 573 2811 renovatum
587 2755 683 2816 sociis
704 2758 812 2832 populi
825 2759 957 2820 Romani
972 2767 1052 2819 arma
1064 2746 1126 2808 intu-

165 2823 260 2894 lrsset,
274 2839 365 2918 agros
375 2837 531 2892 vastasset
539 2835 698 2914 urbesque
710 2849 905 2918 occupasset,
919 2842 1060 2918 quodque
1070 2819 1126 2889 baffi
1160 2871 1161 2878 κ

166 2904 302 3000 Parandi
318 2908 478 3002 ,adimus
503 2919 655 2990 populum
679 2923 852 2985 Romanum
875 2926 1005 2988 consilia
1027 2912 1124 2998 inisset¹

164 2998 251 3079 ornat}
264 2987 374 3048 milltes
390 2991 523 3054 classem
537 2998 604 3061 eius
618 3005 664 3066 rei
680 3023 776 3069 causa
791 3014 1017 3084 comparasset,
1037 3005 1068 3062 ul
1078 2991 1125 3054 ssf⁵¹

81 3117 85 3126 .
163 3063 204 3120 do
224 3080 262 3160 ¹¹⁵.
283 3069 377 3130 rebus
399 3074 619 3161 satisfecisset,
640 3089 753 3152 bellum
774 3107 844 3152 cum
858 3109 897 3154 eo
915 3093 1044 3153 iniretur.
1064 3081 1126 3140 hoec

163 3153 282 3218 r⁰ff⁰²¹⁰
303 3151 344 3210 ad
364 3158 511 3230 populum
526 3163 588 3225 lala
604 3180 661 3234 est.
705 3175 810 3237 XXXI.
834 3183 960 3238 senatus
976 3165 1124 3237 consutum

162 3223 236 3286 inde
256 3230 369 3332 lactum
392 3245 453 3312 est,
475 3249 508 3301 ut
521 3256 677 3320 consulas
699 3258 778 3321 iuter
792 3276 828 3322 se
842 3244 1125 3337 provinciasltaltm

161 3307 414 3408 etMacedomam
426 3339 643 3400 compararent
654 3344 889 3414 contracturum
906 3344 956 3407 cui
966 3321 1123 3404 Macedonia

163 3389 351 3476 0¹³V0¹¹¹⁵⁸0t
367 3409 401 3463 1¹1
414 3402 439 3462 ¹⁵
454 3419 559 3481 regem
573 3414 690 3486 Persea
706 3426 820 3504 quique
835 3426 902 3489 eius
919 3435 1030 3488 sectam
1043 3396 1123 3477 secut
