2328 3870
157 174 297 273 'iruna
310 174 383 241 xer.
408 177 491 238 eur.
505 185 605 242 aens.
628 179 783 263 [ecum]
917 179 1000 250 tat.

18 325 210 390 numuenen
223 325 415 400 Eupolemus
431 327 521 392 etiam
537 327 648 392 obvius
663 329 795 404 exiere,
812 345 881 398 eun
895 335 976 395 salu-

19 412 110 476 tatione
128 408 258 484 benigne
281 407 404 486 excepti
424 419 530 476 essent
543 411 733 490 amnesque
754 413 859 490 datae,
878 416 977 491 ingre·

23 496 114 562 uenus
125 499 262 568 portam,
283 493 377 554 fidem
401 493 503 556 datam
524 495 665 574 deosque
681 503 776 560 testes
791 499 979 575 nequiquam

22 581 170 642 irrorantes
181 575 338 638 interfecti
352 583 431 641 sunt
452 577 526 640 iude
539 579 662 653 gravius
679 579 718 642 de
732 579 851 656 integro
863 582 976 649 bellum

21 660 116 723 eremit.
143 661 174 722 C.
188 660 335 723 Valerius
354 661 507 724 Laevinus
530 669 559 722 el
572 663 631 738 Ap.
648 661 792 730 Claudius
806 663 935 734 Pulcher
948 675 979 730 et

20 744 43 804 t.
53 744 195 806 Memmius
217 752 250 805 et
262 743 304 806 M.
320 743 468 825 Popillius
489 746 566 808 etL.
582 747 745 812 Canuleius
765 749 853 815 missi
873 749 912 814 ab
927 766 979 812 se·

20 835 231 896 namveneraut
256 829 343 906 apud
357 844 412 894 eos
428 845 496 892 eum
506 829 633 906 Delphis
649 833 918 914 utriusquepartis
934 833 976 894 le-

19 911 63 986 tati
83 927 184 986 magno
212 912 380 975 certamine
404 920 542 990 agerent,
566 911 726 976 Proxenus
751 915 882 980 maxime
907 934 976 980 eum

20 1010 88 1060 ausa
100 1002 158 1060 tum
169 995 350 1072 eloquentia
360 1004 519 1075 praestare
533 997 619 1058 visus
632 1005 694 1068 esl;
711 997 763 1076 qui
773 1015 893 1076 paucos
903 1007 978 1078 post

20 1077 66 1140 lios
77 1079 110 1141 ab
123 1077 294 1142 Orthobula
307 1095 404 1142 uxore
416 1095 536 1142 venene
548 1088 596 1142 est
608 1081 757 1157 sublatus,
769 1083 976 1160 damnataque

1 1205 2 1212 κ
19 1175 46 1221 eo
57 1162 164 1225 mimine
177 1163 210 1226 in
226 1162 372 1226 exsilium
386 1163 468 1226 abiit.
489 1163 571 1226 idem
586 1165 670 1226 luror
680 1171 712 1224 et
722 1164 883 1230 cretenses
894 1169 974 1228 laee-

17 1245 92 1312 nnat,
109 1247 245 1313 adventu
265 1245 379 1316 minue
394 1245 428 1322 ο.
442 1247 567 1312 Minucii
586 1245 694 1324 legati,
717 1249 769 1324 qui
784 1264 853 1313 eum
868 1250 978 1313 decem

19 1328 119 1394 namma
130 1329 249 1397 missus
258 1329 303 1391 ad
315 1329 454 1396 sedanda
465 1347 571 1394 eorum
584 1332 749 1396 certamina
760 1338 833 1408 erat,
845 1333 875 1394 in
887 1349 975 1409 spem

1 1410 83 1483 'latit
102 1419 260 1476 venerant.
298 1421 432 1478 aeterum
457 1415 594 1476 indutiae
619 1421 735 1479 tanturn
759 1431 816 1479 sex
834 1432 976 1482 mensum

18 1493 124 1559 uerene
143 1497 217 1564 inde
232 1499 329 1562 multe
344 1495 468 1574 gravius
480 1497 594 1562 bellum
605 1499 729 1563 exarsit.
750 1499 837 1579 Lycii
851 1517 978 1578 quoque

19 1591 59 1649 per
67 1579 139 1647 illata
151 1587 277 1658 ternpus
293 1581 331 1642 ab
342 1575 472 1642 Rhodiis
486 1582 567 1646 bello
581 1583 782 1647 vexabantur.
803 1583 860 1646 sed
875 1591 974 1647 exter·

1 1739 2 1750 χ
20 1674 100 1724 lemn
112 1663 188 1727 inter
203 1681 241 1726 se
256 1664 349 1738 bella,
366 1681 428 1740 quo
444 1681 586 1742 quaeque
600 1667 693 1728 mode
708 1675 796 1741 gesta
810 1675 891 1741 sunt,
905 1685 974 1744 per-

1 1757 2 1799 l
21 1744 85 1819 sequ
96 1763 154 1808 nen
168 1763 287 1826 operae
299 1756 350 1816 est
363 1746 439 1812 satis
455 1765 613 1828 superque
628 1751 731 1810 oneris
747 1750 908 1813 sustinenti
923 1766 976 1812 res

1 1863 2 1882 n
20 1832 139 1905 aponum
151 1831 294 1894 Romane
310 1839 414 1914 gestas
430 1833 577 1897 scribere.

79 1912 178 1978 XXVI.
202 1914 345 1979 Celtiberi
366 1915 397 1980 in
410 1915 575 1992 Hispania,
599 1917 650 1995 qiu
664 1917 746 1977 bello
760 1915 867 1979 domiti
883 1931 918 1978 se
932 1915 975 1976 Ti.

2 2045 3 2052 ,
22 1990 128 2058 &atem
141 1999 335 2074 dediderant,
351 1999 452 2075 parati
466 2009 641 2064 manserant
654 1999 694 2060 Μ.
709 1999 818 2061 Titinio
832 2007 977 2076 praetore

2 2079 3 2148 ff
21 2074 143 2142 obtinente
156 2083 359 2158 provinciam,
371 2085 557 2154 rebellarunt
568 2084 625 2146 sub
639 2085 803 2146 adventum
814 2085 874 2161 Ap.
887 2083 975 2145 Clau-

2 2185 3 2188 *
23 2157 62 2236 li,
78 2167 195 2244 orsique
209 2167 327 2228 bellum
349 2167 474 2228 suntab
496 2168 656 2246 repentina
680 2170 910 2247 oppugnatione
926 2173 976 2228 ea·

21 2247 346 2323 stroruurRomanorum.
362 2249 462 2327 prima
475 2253 529 2312 lux
542 2252 637 2314 ferme
652 2260 724 2328 erat,
740 2269 810 2314 eum
820 2252 929 2328 vigiles
944 2253 974 2312 in

2 2343 3 2378 ÷
21 2327 78 2389 tatio
90 2332 199 2409 quique
215 2335 247 2394 in
262 2339 419 2412 portarum
434 2334 615 2399 stationibus
631 2343 725 2411 erant,
742 2352 811 2400 eum
824 2335 977 2398 vidissent

22 2417 102 2484 llatnl
113 2419 287 2483 venientem
299 2417 436 2492 hostem,
455 2419 495 2479 ad
510 2435 594 2478 arma
608 2421 886 2480 conclamaverunt.
913 2421 975 2493 Ap.

2 2499 3 2526 i
23 2489 134 2564 Claudius
149 2502 242 2580 signo
257 2501 419 2577 proposito
435 2517 566 2578 pugnae,
583 2504 689 2578 paneis
703 2502 883 2562 adhortatus
898 2500 975 2559 rnili-

22 2580 64 2651 ἴθ’,
80 2584 169 2654 tribus
188 2584 282 2648 simul
302 2585 401 2660 pertis
422 2586 537 2648 eduxit.
570 2585 788 2646 obsistentibus
807 2584 847 2644 ad
862 2584 974 2642 exitum

23 2656 147 2734 Celtiberis
162 2670 263 2748 primo
277 2685 335 2746 par
348 2669 501 2745 utrimque
515 2669 666 2746 proelium
681 2667 745 2741 luit,
764 2667 976 2742 quiapropter

24 2751 147 2818 lansius
168 2769 232 2816 non
255 2768 361 2814 omnes
382 2752 412 2814 in
434 2753 573 2814 saucibus
594 2766 733 2828 pugnare
752 2755 893 2824 poterant
913 2749 995 2810 Ro·-

2 2829 3 2858 ¹
25 2831 92 2890 muniz
115 2843 259 2916 urgentes
281 2836 393 2896 deinde
414 2837 464 2896 alii
486 2837 563 2896 alios
586 2836 684 2896 sicubi
709 2843 872 2896 evaserunt
887 2840 976 2894 exea

2 2913 3 2920 '
25 2911 115 2991 illlum,
131 2915 163 2982 ut'
178 2921 317 2996 pandere
334 2919 431 2981 aciem
446 2929 476 2982 et
490 2919 657 2996 exaequari
672 2917 816 2981 cornibus
830 2918 972 2992 hostium,

27 2995 108 3065 tultus
122 3004 370 3077 eireumibantur,
387 3009 532 3080 possent,
547 3003 589 3064 ita
603 3012 730 3080 repente
744 3003 926 3077 irruperunt,
942 3008 976 3062 ut

3 3127 4 3170 3
26 3081 143 3146 malinam
157 3089 304 3164 impeturn
320 3104 426 3148 eorum
438 3086 576 3148 Celtiberi
592 3087 762 3162 nequirent.
783 3094 852 3147 ante
866 3085 974 3148 horare

3 3189 4 3200 ¹
27 3169 159 3236 nemum
173 3171 255 3248 pulsi
266 3177 353 3234 sunta
368 3170 409 3232 ad
421 3170 596 3246 quindecim
607 3171 689 3231 milia
699 3186 788 3233 caesa
802 3177 856 3232 eet
869 3177 973 3246 eaptan

3 3205 5 3300 i
27 3240 88 3317 illle
99 3253 238 3330 adempta
253 3255 315 3318 duo
332 3261 362 3316 et
375 3254 505 3329 triginta.
540 3261 642 3319 eastra
655 3255 745 3317 etiam
760 3269 796 3314 eo
812 3254 862 3313 die
877 3267 973 3327 expu-

3 3315 6 3416 i
29 3338 104 3406 aaa,
127 3337 385 3416 debellatumque=
417 3354 487 3398 nam
508 3339 560 3414 qui
581 3338 762 3414 superfuere
784 3336 916 3414 proelio,
933 3332 975 3428 ‘iu

3 3419 5 3482 i
29 3415 113 3486 oppida
125 3437 180 3482 sua
193 3423 305 3499 dilapsi
320 3429 400 3482 sunt.
423 3421 516 3498 quieti
531 3420 643 3482 deinde
657 3427 824 3504 paruerunt
835 3419 973 3492 imperto.
