2368 3858
178 190 240 256 ata
308 192 423 254 LIBER
436 191 526 251 xtv.
549 190 632 251 cap.
647 199 690 251 ao.
705 197 807 251 maa
830 190 866 268 [ι.
879 195 914 248 ιι.
927 189 1021 266 asca]

181 358 273 420 quam
286 343 411 418 antiqua
422 339 537 415 merita,
551 355 680 416 quorum
691 337 752 415 ipsi
763 345 859 402 testes
871 346 985 402 essent.
999 341 1141 416 extemplo

179 436 267 488 veste
281 425 408 487 sordida
422 430 545 500 sumpta
559 424 669 484 domos
684 423 859 499 principum
873 438 946 484 cum
960 423 1144 500 precibusne

181 510 314 570 lacrimis
335 507 534 568 circumibant
554 513 678 568 orantes
694 514 727 567 ut
747 507 833 581 prius
848 514 1071 582 cognoscerent
1083 523 1144 567 cau·

181 609 247 654 sam
268 608 359 668 quam
380 592 665 652 condemnarentur.
692 590 769 649 XXI.
796 590 847 650 Μ’.
866 590 1022 651 luventius
1042 589 1155 655 Thalna

181 684 319 752 praetor,
340 674 427 736 cuius
449 672 527 735 inter
547 672 632 734 cives
652 680 683 734 et
703 673 885 749 peregrinos
899 673 1068 734 iurisdictio
1083 681 1152 748 erat,-

181 761 329 835 populum
344 759 495 818 adversus
505 756 645 817 Rhodios
656 756 809 831 incitabat
823 755 1077 832 rogationemque
1086 773 1147 832 pro

181 844 384 917 mulgaverat,
407 847 440 901 ιιι
453 840 582 901 Rhodiis
602 839 715 900 bellum
737 841 937 912 indiceretur,
959 847 991 900 et
1011 855 1051 900 ex
1065 839 1149 914 magi

182 924 327 985 stratibus
338 925 405 985 eius
417 923 490 984 anni
500 923 676 997 deligerent,
693 924 747 998 qui
758 923 962 984 adidbellum
973 939 1045 983 cum
1056 925 1149 984 classe

181 1009 357 1082 mitteretur,
373 1023 408 1069 se
423 1023 492 1068 eum
508 1021 638 1082 sperans
653 1008 787 1068 futurum
801 1022 882 1068 esse.
904 1005 975 1067 huic
990 1005 1101 1068 actioni
1112 1005 1147 1066 ll,

180 1091 333 1153 Antonius
355 1097 386 1152 et
398 1090 439 1150 M.
456 1090 644 1166 Pomponius
665 1089 777 1150 tribuni
791 1089 891 1165 piebis
906 1089 1153 1159 adversabantur,

182 1177 239 1236 sed
253 1183 284 1236 et
296 1182 421 1251 praetor
431 1189 513 1238 novo
527 1174 671 1249 maloque
681 1175 823 1249 exemplo
834 1188 899 1233 rem
911 1171 1074 1248 ingressus
1085 1177 1152 1245 erat,-

103 1281 107 1290 ·
183 1260 266 1335 quod
278 1266 347 1320 ante
358 1274 418 1318 non
431 1259 571 1318 consulto
584 1262 701 1332 senatu,
713 1273 774 1318 non
787 1255 969 1318 consulibus
976 1256 1116 1317 certiorib
1139 1280 1148 1293 ·«

182 1343 270 1404 laetis
293 1343 411 1403 desua
432 1340 523 1402 unius
545 1341 696 1401 sententia
709 1341 899 1416 rogationem
914 1341 1024 1414 terret,
1051 1341 1139 1400 vellen

181 1424 359 1486 iuberentne
372 1424 501 1486 Rhodiis
515 1424 628 1488 bellum
639 1421 740 1499 indici,
757 1439 824 1484 cum
838 1431 926 1484 antea
938 1438 1066 1498 semper
1075 1424 1150 1506 prjus

182 1515 308 1568 senatus
330 1508 369 1568 de
389 1507 470 1568 bello
492 1508 651 1568 consultus
672 1514 770 1581 esset,
792 1506 905 1567 deinde
924 1524 966 1568 cx
984 1523 1006 1567 o
1063 1532 1070 1559 ι
1097 1509 1156 1561 ¹⁰«

181 1597 301 1666 patrum
316 1591 357 1650 ad
371 1593 519 1688 populum
534 1592 643 1660 latum;
665 1596 696 1650 et
708 1591 819 1652 tribuni
833 1590 943 1667 plebis,
959 1606 1033 1650 cum
1047 1591 1089 1651 ita
1100 1597 1139 1652 tra

181 1674 275 1735 ditum
291 1683 384 1748 esset,
399 1689 438 1734 ne
453 1675 522 1750 quis
536 1673 622 1750 prius
637 1674 838 1734 intercederet
851 1675 912 1749 legi
927 1689 1021 1750 quam
1033 1674 1151 1750 privatis

181 1758 333 1820 suadendi
348 1758 613 1834 dissuadendique
626 1757 725 1832 legem
738 1763 879 1833 potestas
894 1759 976 1818 iacta
989 1765 1086 1832 esset,
1105 1773 1153 1817 em

183 1858 244 1918 que
258 1857 410 1919 persaepe
424 1843 595 1916 evenisset,
617 1848 695 1902 utet
710 1839 838 1915 quinon
853 1839 990 1916 professi
1005 1847 1112 1904 essent
1122 1854 1152 1909 se

181 1925 422 2000 intercessuros,
443 1925 666 1986 animadversis
686 1924 767 1986 vitiis
788 1925 866 2001 legis
888 1941 928 1984 ex
943 1925 1085 1986 oratione
1099 1925 1152 1985 dise

182 2010 373 2071 suadentium
388 2009 620 2083 intercederent,
635 2016 666 2069 et
680 2008 733 2083 qui
743 2009 782 2068 ad
796 2007 1049 2070 intercedendum
1061 2007 1152 2079 venisss

182 2100 251 2153 sent
275 2092 460 2154 desisterent
483 2093 555 2152 victi
579 2091 808 2153 auctoritatibus
835 2087 1032 2154 suadentium
1053 2095 1152 2169 legen.

181 2182 243 2236 tum
254 2176 333 2235 inter
343 2181 514 2249 praetorem
524 2173 726 2249 tribunosque
738 2175 1150 2252 omniaintempestiveagen·

180 2257 211 2316 di
237 2262 389 2317 certamen
414 2261 494 2316 erat:
525 2258 635 2318 tribuni
662 2258 885 2320 festinationem
910 2260 1065 2335 praetoris
1091 2265 1153 2324 antu

180 2345 301 2416 tempus
316 2339 533 2400 intercedendo

179 2507 209 2567 ln
224 2509 389 2568 adventum
403 2505 445 2568 im

178 2675 269 2735 XXII.
291 2681 379 2751 „est,
402 2674 673 2749 peccaverimusne
693 2672 794 2733 adhuc
813 2671 940 2734 dubium
955 2680 1016 2749 est,
1039 2683 1155 2750 poenas

179 2757 363 2833 ignominias
379 2773 486 2818 omnes
501 2758 561 2817 iam
578 2756 716 2832 patimur.
740 2763 837 2832 antea,
854 2756 1153 2833 Carthaginiensibus

179 2839 282 2912 victis,
303 2839 442 2916 Philippo
464 2840 616 2901 Antiocho
638 2839 806 2916 superatis,
828 2856 897 2901 cum
912 2842 1044 2902 Romam
1056 2839 1155 2901 venis·¹

179 2938 300 2997 semus,
327 2939 367 2982 ex
387 2922 510 2997 publico
530 2921 665 2998 hospitio
686 2923 717 2983 in
732 2923 846 2985 curiam
860 2927 1043 2999 gratulatum
1059 2923 1152 2998 vobis,

179 3013 281 3081 patres
297 3005 472 3081 conscripti,
493 3021 533 3066 ex
547 3006 632 3066 curia
645 3007 675 3066 in
691 3005 871 3083 capitolium
886 3008 925 3069 ad
940 3009 1019 3068 deos
1033 3014 1155 3069 vestros

179 3089 261 3148 dona
276 3089 425 3159 serentem
448 3104 529 3150 nuno
543 3104 583 3149 ex
598 3090 725 3150 sordido
741 3090 930 3164 deversorio,
945 3092 998 3151 vix
1013 3089 1154 3152 mercede

177 3171 309 3248 recepti,
335 3186 372 3230 ao
397 3187 496 3248 prope
520 3172 654 3234 bostium
680 3189 765 3234 more
789 3180 875 3235 extra
898 3174 1007 3235 urbem
1030 3187 1151 3235 manere

179 3255 265 3331 iussi,
281 3255 311 3315 in
325 3253 385 3316 hoc
401 3258 546 3331 squalore
561 3257 700 3317 venimus
716 3256 746 3317 in
762 3257 876 3318 curiam
890 3259 1060 3319 Romanam
1073 3256 1150 3317 Rho·

179 3339 232 3415 dii,
249 3353 329 3415 quos
342 3339 511 3413 provinciis
527 3356 627 3417 nuper
640 3337 736 3418 Lycia
751 3349 843 3415 atque
858 3341 953 3417 Caria,
969 3357 1049 3416 quos
1064 3354 1150 3416 prae·

177 3421 246 3482 nilis
262 3427 353 3499 atque
366 3422 535 3484 honoribus
551 3421 748 3499 amplissimis
763 3424 910 3485 donastis.
927 3423 1150 3484 etlllacedonas
