2424 3872
36 179 39 328 ἰ
255 187 369 252 LIBER
381 191 442 255 xL.
465 191 547 251 cml).
562 200 589 254 a.
602 200 629 255 e.
652 200 688 268 [ι.
701 199 734 251 c.
747 199 808 271 rea]
970 191 1012 256 59

36 343 38 414 ξ
75 337 208 414 deflagrare
221 338 280 400 iras
295 347 424 413 vestras,
439 343 563 417 purgari
578 343 774 418 suspiciones
788 356 894 420 posse.
922 345 1011 406 etiarn

73 423 149 484 lasus
167 423 251 482 armis
273 425 383 499 positis
399 425 508 486 foedus
523 425 633 500 icisse,
655 434 687 487 et
700 427 836 503 privatas
851 428 1012 489 multorum

36 549 37 592 q
71 506 201 567 simultates
209 505 325 568 limitas:
339 506 508 568 subituram
521 505 611 572 vobis
623 510 792 587 aliquando
805 511 1012 586 germanitatis

36 593 38 674 j
70 589 223 664 memoriam,
235 591 362 666 puerilis
378 592 533 667 quondam
548 590 749 669 simplicitatis
766 591 1012 656 consuetudinis·

36 743 38 760 ,
71 673 191 746 quainter
202 689 271 746 vos,
293 689 431 736 meorum
446 675 579 752 denique
595 683 844 754 praeceptorum,
866 692 946 753 quae
960 693 1013 738 ve·

36 763 38 810 t
68 771 120 816 reor
140 771 172 816 ne
193 773 271 818 vana
296 758 398 818 surdis
427 758 551 820 auribus
581 759 752 821 cecinerim.
785 761 929 837 quotiens
954 775 1013 836 ego

36 861 37 864 ¹
66 838 221 900 audientibus
244 839 335 902 vobis
357 842 524 904 detestatus
546 846 688 920 exempla
708 844 931 906 discordiarum
953 845 1013 904 ira-

36 943 38 1000 5
66 927 186 984 ternarum
198 924 372 985 horrendos
387 934 514 987 eventus
526 941 631 988 eorum
642 928 750 1002 rettuli,
767 927 879 1004 quibus
894 943 929 988 se
943 927 1013 988 stir-

65 1019 167 1081 pemque
178 1023 270 1082 auam,
283 1009 404 1084 domos,
416 1025 511 1084 regna
524 1010 659 1072 funditus
671 1012 863 1073 evertissent.
884 1010 1013 1072 meliora

66 1103 160 1164 quoque
177 1093 317 1166 exempla
337 1099 423 1166 parte
442 1094 537 1153 altera
557 1094 664 1168 posui,
685 1094 863 1156 sociabilem
885 1109 1011 1154 consor·

36 1167 37 1192 ³
66 1169 149 1232 bomem
169 1175 243 1234 inter
265 1174 358 1235 binos
378 1175 691 1238 Lacedaemoniorum
715 1192 822 1253 reges,
849 1177 1013 1237 salutarem

65 1259 188 1326 permulta
198 1259 304 1319 secula
314 1259 391 1334 ipsis
403 1258 598 1334 patriaeque:
614 1260 744 1321 eandem
754 1259 916 1331 civitatem,
926 1265 1011 1334 post·

66 1353 132 1410 quam
147 1355 208 1402 mos
229 1342 288 1403 sibi
310 1343 422 1418 cuique
442 1341 582 1417 rapiendi
603 1341 796 1421 tyrannidem
815 1350 942 1405 exodus
964 1341 1012 1416 sit,

66 1434 179 1484 avenam.
201 1426 261 1486 iam
274 1425 335 1486 hos
349 1425 515 1486 Eumenem
529 1427 726 1504 Attalumque
740 1427 864 1502 iratres,
886 1443 905 1487 a
921 1441 1012 1501 quarn

65 1501 153 1578 cumis
167 1507 274 1585 rebus,
295 1524 397 1586 prope
411 1516 445 1569 ut
457 1509 587 1584 puderet
600 1509 678 1588 regii
692 1511 839 1582 nominis,
860 1510 934 1570 mihi
947 1514 1011 1571 An-

36 1639 37 1644 ,
65 1583 138 1648 tiocho
149 1599 174 1651 et
184 1592 308 1654 cuilibet
318 1607 426 1667 regum
436 1591 526 1652 huius
538 1595 654 1669 aetatis,
670 1595 752 1654 nulla
762 1610 797 1654 re
808 1595 906 1670 magis
920 1607 1013 1670 quam

66 1666 165 1734 interna
177 1676 383 1750 unanimitate,
398 1690 526 1750 regnum
541 1693 704 1752 aequasse.
730 1692 769 1737 ne
782 1677 929 1738 Romanis
945 1674 1012 1751 qui·

66 1750 114 1812 dem
125 1759 262 1836 exemplis
278 1758 421 1834 abstinui,
439 1774 518 1834 quae
533 1767 585 1820 aut
598 1760 667 1820 visa
679 1759 841 1820 eblandita
851 1759 1013 1834 habebam,

64 1831 86 1891 Τ.
97 1839 155 1899 ctL.
168 1841 388 1917 Quinctiorum,
412 1842 464 1919 qui
477 1843 590 1903 bellum
605 1858 725 1904 mecum
739 1847 916 1918 gesserunt,
936 1839 969 1900 P.
985 1848 1015 1902 et

64 1915 87 1976 l.
97 1917 262 2002 Scipionum,
278 1926 330 2002 qui
342 1925 525 1988 Antiochum
540 1925 727 2000 devicerunt,
742 1925 838 2002 patris
853 1924 1014 2000 patruique

65 2015 150 2080 llum,
161 2027 290 2085 quorum
303 2016 481 2086 perpetuam
491 2008 572 2069 vilae
584 2008 781 2071 concordiam
790 2022 875 2069 mors
889 2021 1014 2084 quoque

36 2127 37 2146 l
64 2084 162 2150 miserit.
179 2109 280 2170 neque
295 2111 354 2155 vos
368 2093 489 2154 illorum
500 2093 603 2155 scelus
619 2092 788 2170 similisque
800 2092 910 2154 sceleri
921 2107 1011 2154 even·

65 2173 99 2228 tus
118 2172 258 2239 deterrere
274 2194 293 2237 a
313 2176 439 2238 vecordi
464 2175 620 2238 discordia
643 2176 755 2254 potuit,
782 2191 883 2252 neque
902 2176 1013 2238 horum

65 2247 123 2312 boma
140 2274 232 2336 mens,
252 2263 337 2322 bona
357 2261 479 2321 fortuna
495 2260 534 2321 ad
554 2261 713 2322 sanitatem
728 2260 863 2322 nectere.
895 2261 967 2320 vivo
983 2265 1014 2319 et

66 2335 168 2428 spirante
185 2360 233 2405 me
246 2344 448 2406 hereditatem
464 2359 564 2403 meam
579 2345 669 2406 ambo
684 2351 714 2405 et
729 2360 786 2420 spe
801 2349 832 2405 et
847 2342 1013 2419 cupiditate

64 2423 172 2510 mprobe
185 2428 335 2490 crevistis.
357 2443 394 2488 co
410 2443 510 2502 usque
525 2444 574 2488 me
588 2429 692 2488 vivere
707 2427 807 2501 vultis,
824 2426 925 2487 donec
939 2427 1012 2486 alte·

64 2511 110 2563 llus
127 2517 252 2574 vestrum
279 2517 438 2588 superstes
464 2511 545 2572 haud
568 2512 741 2587 ambiguum
760 2524 865 2584 regent
886 2509 1014 2568 alterum

65 2595 112 2645 mea
127 2602 213 2657 morte
233 2596 353 2658 daciam.
384 2610 442 2656 mec
456 2596 579 2654 fratrem
594 2610 651 2654 nec
666 2601 782 2668 patrem
796 2591 926 2675 potestis
942 2589 1014 2664 pati.

65 2665 116 2730 nihil
133 2680 202 2753 cari,
221 2678 296 2740 nihil
318 2677 415 2740 sancti
432 2686 492 2739 est.
515 2677 546 2738 in
562 2677 695 2738 onmium
709 2677 808 2736 vicem
822 2671 909 2748 'regni
924 2674 1013 2734 unius

66 2757 211 2823 mactabilis
225 2779 312 2824 amor
327 2763 487 2824 successit.
518 2761 610 2836 agite,
627 2760 838 2822 conscelerate
854 2772 944 2819 aures
960 2774 1013 2834 pa·

66 2835 155 2914 limas,
174 2845 327 2908 decernite
342 2844 534 2920 criminibus,
550 2861 622 2906 mox
637 2845 718 2905 ferro
734 2842 900 2915 decreturi,
922 2840 1014 2903 dieilc

67 2918 140 2986 palan
160 2929 305 3010 quidquid
329 2937 382 2991 aut
400 2927 467 2990 veri
490 2929 620 3004 polestis
646 2934 697 2990 aut
716 2928 789 2988 libat
809 2925 1013 2987 comminiscla

66 3011 186 3072 reseratae
205 3029 296 3074 aures
318 3021 403 3087 sunt,
429 3028 508 3087 quae
530 3012 659 3087 posthac
680 3011 807 3073 secretis
828 3010 952 3071 alterius
975 3009 1013 3068 ab

68 3080 136 3149 altero
149 3094 318 3158 criminibus
334 3096 543 3158 claudenlur.“
564 3095 641 3156 haec
655 3097 759 3156 lurens
774 3094 820 3155 ira
834 3109 902 3155 curn
918 3091 1014 3153 dixis

68 3172 111 3302 fil,
121 3171 252 3265 lacrimae
266 3180 409 3242 omnibus
424 3179 567 3254 oborlae,
582 3186 613 3240 et
627 3179 679 3241 diu
693 3186 844 3240 maestum
860 3177 1014 3238 silentium

76 3261 147 3316 trull.

92 3415 97 3426 ι
128 3339 172 3402 lx.
191 3344 262 3408 Tum
280 3347 414 3408 Perseus
439 3345 627 3423 „aperienda
650 3343 792 3414 nimirum
812 3349 903 3405 nocte
923 3341 1014 3398 ianua

70 3411 118 3493 lum,
140 3431 166 3505 el
182 3429 283 3492 armati
305 3431 506 3492 comIsatores
532 3430 717 3506 accipiendi,
743 3423 1014 3504 praebendumque
