2328 3870
155 185 197 248 96
331 185 446 248 LIBER
460 186 520 248 XL.
544 186 625 247 CAP.
640 195 684 250 49.
697 195 739 250 50·
763 193 798 261 [a.
810 191 843 244 U.
856 209 879 244 c.
890 191 949 258 573]

155 351 337 414 oppugnare
362 337 477 400 institit.
513 337 660 415 oppidani
683 337 812 415 primum
838 336 978 414 impetum
997 334 1130 395 hostiurn

155 423 382 492 sustinuerunte
404 422 517 482 deinde
532 439 601 483 cum
615 422 674 483 iam
689 437 750 483 non
765 423 855 483 armis
869 421 959 482 modo
969 419 1026 480 sed
1040 419 1131 478 etium

154 505 302 582 operibus
324 514 591 582 oppugnarentur,
614 506 706 568 dillisi
719 505 872 583 praesidio
887 503 1014 565 urbisin
1029 515 1131 562 arcem

153 589 291 650 universi
306 597 544 651 concesserunt:
573 597 729 666 postremo
745 589 858 650 atinde
872 585 1047 665 praemissis
1062 601 1131 646 ora·

153 671 273 734 toribus
293 672 324 732 in
346 671 498 734 dicionem
520 689 554 734 se
576 689 695 750 suaque
711 673 810 733 omnia
825 669 967 731 Romanis
983 669 1130 744 parmise

154 762 234 818 runt
264 771 375 831 magna
390 756 462 816 inde
476 758 592 833 pracda
609 759 690 817 lacta
704 763 759 818 est.
789 754 872 816 multi
887 752 996 829 captivi
1010 750 1131 812 nobiles

153 840 182 899 in
204 846 387 914 potestatem
406 849 569 916 venerunt,
591 843 668 901 inter
689 855 769 916 quos
786 845 816 899 ιι
827 837 932 898 Thurri
952 833 1005 896 filli
1019 835 1085 896 duo
1105 843 1132 896 et

153 923 225 983 illia.
247 924 372 997 regulus
386 923 437 985 hle
452 940 556 985 aarum
570 923 704 1000 gentium
715 929 787 998 erat,
802 924 891 998 longe
902 919 1130 1016 potentissimus

153 1005 287 1066 omnium
306 1006 522 1083 Hispanorum.
556 1008 660 1067 audita
679 1019 804 1068 suorum
828 1005 928 1077 elada,
953 1002 1057 1063 missis
1081 998 1131 1076 qui

152 1089 245 1149 tidem
266 1089 424 1152 venienti
416 1107 446 1150 ιιι
462 1097 563 1152 castra
577 1091 616 1150 ad
632 1090 800 1152 Gracchum
815 1094 964 1165 peterent,
986 1086 1082 1146 venit
1105 1091 1132 1145 ιι

152 1172 284 1249 primum
311 1174 464 1250 quaesivit
488 1175 546 1235 sub
568 1189 647 1235 eone
669 1172 728 1235 sibi
753 1174 856 1234 liceret
875 1186 911 1230 aa
931 1169 995 1230 suis
1016 1170 1131 1229 vivere.

153 1271 221 1316 eum
243 1265 366 1333 praetor
379 1259 528 1318 victurum
542 1257 771 1334 respondisset,
794 1251 1086 1331 quaesivititerum,
1109 1250 1132 1311 si

153 1355 222 1402 oum
235 1340 382 1401 Romanis
396 1340 524 1402 militare
538 1339 653 1402 liceret.
675 1339 706 1400 ld
721 1353 844 1415 quoque
856 1337 993 1398 Graccho
1007 1332 1132 1412 permit·

151 1429 242 1494 tente,
257 1428 412 1497 „sequar⁴⁴
426 1422 554 1497 inquit„
555 1424 776 1484 vosadversus
789 1420 1133 1492 veteressoclosmeos,

152 1504 296 1581 quonlam
317 1505 386 1566 illos
407 1505 446 1564 ad
460 1521 509 1565 me
521 1505 555 1543 **
567 1506 756 1582 suspicere.“
784 1511 908 1567 secutus
922 1509 970 1562 cst
983 1501 1055 1562 inde
1071 1502 1133 1562 Ro·

150 1601 269 1661 manos,
285 1588 418 1663 tortique
434 1604 469 1648 ac
484 1589 566 1649 ildali
582 1604 678 1666 opera
687 1590 787 1652 multis
798 1589 876 1649 locis
887 1601 949 1646 rem
961 1586 1134 1646 Romanam

151 1669 274 1731 adiuvit.
308 1669 340 1729 L.
362 1671 513 1747 Ergavica
527 1672 607 1747 inde,
623 1673 734 1733 nobilis
749 1680 781 1735 et
792 1679 902 1749 potens
917 1668 1043 1742 civitas,
1058 1667 1133 1728 alio·

149 1769 215 1898 {um
245 1754 327 1850 eirca
355 1755 538 1831 populorum
574 1757 711 1818 cladibus
749 1754 851 1816 territa
878 1760 983 1830 portas
1012 1749 1135 1827 aperuit

178 1853 305 1898 omams.

233 1920 308 1981 Eam
330 1922 514 1983 deditionem
541 1923 724 1998 oppidorum
744 1921 826 1982 haud
847 1935 915 1982 eum
936 1919 998 1978 fide
1020 1917 1134 1976 laetam

152 2004 275 2078 quidam
290 2011 431 2066 auctores
444 2013 530 2067 sunt=
552 2022 644 2081 equa
654 2006 779 2082 regione
789 2004 970 2064 abduxisset
980 1999 1135 2076 legiones,

151 2089 304 2161 extemplo
319 2087 390 2146 inda
405 2087 599 2162 rebellatum,
617 2104 791 2164 magnoque
804 2104 873 2148 eum
888 2093 996 2163 postea
1012 2082 1136 2160 proelio

60 2165 68 2179 “
150 2167 189 2226 ad
204 2173 338 2228 montem
350 2167 507 2230 Chaunum
525 2186 595 2231 oum
606 2169 763 2232 celtiberis
777 2187 796 2231 a
810 2170 907 2247 prima
921 2171 989 2230 luce
1003 2167 1045 2226 ad
1062 2181 1136 2226 sex-

160 2264 209 2308 am
223 2249 329 2310 horam
345 2251 406 2312 diei
420 2253 517 2327 signis
531 2254 649 2315 collatis
664 2270 834 2331 pugnasse,
849 2254 961 2313 multos
976 2250 1138 2324 utrimque

149 2331 311 2405 eccidisse,
325 2349 382 2394 nac
393 2335 476 2396 aliud
489 2352 678 2414 magnopere
687 2369 730 2384 -
740 2340 804 2398 iera
819 2337 918 2397 victos
936 2334 1139 2404 crederes-

148 2414 263 2476 iecisse
275 2416 449 2492 Romanos,
471 2420 530 2480 nisi
544 2427 579 2482 ιιι
597 2429 724 2496 postero
740 2421 790 2481 die
805 2417 996 2482 lacessierint
1011 2415 1138 2492 proelio

146 2505 304 2559 manentes
326 2499 405 2561 intra
425 2503 551 2564 vallum·
584 2505 685 2580 spolia
704 2519 761 2579 per
780 2511 876 2564 toturn
895 2503 976 2563 diem
996 2498 1137 2574 legisse;

146 2581 234 2642 tertio
249 2582 304 2642 die
313 2585 431 2658 proelio
449 2587 564 2647 maiore
581 2587 688 2648 iterum
699 2595 875 2662 pugnatum,
891 2592 921 2648 et
931 2593 995 2646 tum
1007 2583 1139 2642 demum

145 2661 341 2726 hauddubie
365 2667 463 2729 victos
487 2653 653 2731 celtiberos
674 2678 836 2732 castraoue
859 2683 966 2732 eorum
987 2672 1085 2740 capta
1108 2670 1142 2724 ιι

145 2744 265 2820 direpta
280 2763 361 2810 esse.
383 2751 562 2824 vigintiduo
577 2751 659 2812 milla
673 2752 805 2814 hostium
820 2766 857 2812 eo
872 2751 922 2812 die
937 2763 1012 2810 esse
1027 2763 1141 2820 caesa,

144 2826 214 2900 plus
229 2835 382 2892 trecentos
404 2840 529 2907 captos,
550 2851 655 2909 parem
670 2837 733 2895 iere
748 2850 897 2910 equorum
912 2847 1089 2906 numerum,
1108 2836 1142 2891 et

144 2909 232 2981 signa
246 2909 385 2972 militaria
399 2917 595 2990 septuaginta
608 2919 681 2979 duo.
709 2918 780 2978 inde
794 2917 993 2990 debellatum,
1009 2931 1142 2976 veram·

144 3007 204 3064 que
222 3007 341 3067 pacem,
356 3010 416 3056 non
432 2996 527 3073 iluxa,
541 3008 575 3060 ut
589 3007 668 3075 ante,
684 3000 746 3061 ilde
761 3000 928 3062 celtiberos
944 2998 1057 3060 luisse.
1081 3013 1141 3057 ea·

143 3073 213 3132 deni
237 3083 352 3136 aestate
374 3084 404 3137 ct
422 3080 456 3138 L
476 3081 697 3143 Postumium
689 3099 719 3142 ιιι
741 3081 889 3158 Hispania
912 3083 1062 3144 ulteriore
1083 3080 1142 3140 bis

142 3170 211 3214 cum
226 3159 376 3220 Vaccaeis
398 3162 521 3238 egregie
541 3179 698 3239 pugnasse
719 3167 872 3228 scribunt·
895 3166 936 3226 ad
957 3161 1085 3240 trifflnta
1107 3172 1145 3225 et

142 3238 278 3315 quinque
303 3242 384 3302 milia
406 3243 538 3306 hostium
564 3248 717 3309 occidisse
737 3256 767 3309 et
788 3257 890 3309 castra
914 3262 1143 3325 expugnasse

143 3323 272 3397 propius
293 3341 367 3386 vero
385 3334 434 3386 est
447 3329 547 3390 scrius
561 3329 591 3389 in
606 3346 685 3406 pror
686 3347 795 3392 rueram
810 3329 1012 3407 pervenisse,
1036 3345 1147 3406 quam

140 3412 172 3472 ut
187 3421 224 3465 ea
239 3413 354 3467 aestate
368 3409 499 3484 potuerit
512 3427 563 3472 res
578 3429 694 3488 gerere.
