2328 3870
213 215 216 220 -
249 189 463 249 urrunnun.
485 191 853 274 bnauandans]
965 197 1026 260 raa

72 359 130 402 area
142 342 253 418 templi,
271 343 342 417 quia
354 343 601 417 reponendarum
616 361 706 404 nemo
723 346 831 406 artifex
846 346 923 409 inire
937 351 1031 416 ratio:

71 443 126 486 nem
139 426 272 501 potuerit,
286 425 498 501 redemptores
513 427 696 488 nuntiarunt.

136 509 183 568 tv.
203 509 248 568 Ex
264 509 470 584 praetoribus,
494 509 547 586 qui
562 511 591 570 ln
605 512 780 586 provincias
797 513 908 588 ierant,
922 515 957 573 N.
971 515 1027 576 Fa·

1 571 2 626 ³
69 593 123 652 bius
136 591 285 652 Massiliae
300 594 441 668 moritur,
458 608 526 654 cum
541 595 571 652 in
586 595 756 656 citeriorem
769 596 948 673 Hispaniam
963 599 1028 659 iret.

69 678 152 750 itaque
173 689 240 736 oum
260 677 290 735 id
312 677 479 738 nuntiatum
500 688 518 736 a
538 676 782 740 Massiliensibus
808 681 916 757 legatis
936 689 1028 757 esset,

69 763 173 820 senatus
185 758 329 834 decrevit,
344 767 378 820 ut
387 758 419 818 P.
430 759 540 820 Furius
552 769 582 821 et
595 761 645 821 Cn.
660 761 816 836 Servilius,
834 764 946 840 quibus
958 782 1029 826 suc-

70 842 220 917 cedebatur,
236 845 314 904 inter
328 857 363 902 se
379 845 567 917 sortirentur,
583 854 650 905 uter
664 845 832 907 citeriorem
847 847 1029 923 Hispaniam

69 933 213 1001 prorogato
233 927 361 1002 imperio
383 927 540 987 obtineret.
574 945 643 994 sors
665 938 839 1005 opportuna
860 931 928 1004 ιιιιι,
950 938 983 991 ut
996 931 1028 989 P.

67 1009 156 1070 Furius
170 1011 259 1083 idem,
278 1010 365 1070 cuius
382 1025 419 1069 ea
433 1011 593 1086 provincia
608 1013 715 1086 luerat,
729 1021 910 1075 remaneret.

134 1095 247 1154 Eodem
258 1106 348 1166 anno
366 1106 432 1153 cum
447 1107 511 1169 agn
502 1094 668 1170 Ltgusitnt
680 1103 710 1156 et
723 1097 836 1169 Gallici,
854 1097 938 1172 quod
948 1096 1030 1157 bello

67 1185 168 1252 captum
188 1183 267 1250 erat,
291 1175 478 1258 aliquantum
492 1187 631 1264 vacaret
654 1187 780 1240 senatus
796 1181 968 1240 consultum
984 1165 1031 1240 est

67 1262 114 1320 lact
104 1270 168 1334 t,um
182 1270 216 1321 ut
229 1261 258 1322 is
273 1269 348 1336 ager
360 1259 472 1322 viritim
489 1225 684 1326 divideretur
708 1261 924 1322 decemviros
916 1279 945 1320 ιιι
963 1279 1029 1322 eam

66 1359 116 1403 rem
135 1358 170 1404 ex
191 1351 318 1405 senatus
337 1347 477 1406 consulto
494 1347 609 1405 creavit
621 1350 658 1404 A.
674 1345 784 1405 Atilius
802 1355 925 1420 praetor
940 1345 1029 1405 urba·

66 1444 111 1488 nus
128 1427 165 1488 M
185 1428 350 1490 Aemilium
367 1429 516 1504 Lepidum
538 1429 568 1488 C.
585 1429 723 1488 Cassium
743 1429 775 1486 Τ.
790 1429 953 1490 Aebutium
975 1428 1029 1489 Ca·

66 1527 118 1570 mm
136 1513 164 1572 C.
178 1512 372 1574 Tremellium
391 1512 423 1570 P.
440 1508 611 1573 Cornelium
634 1512 798 1587 Cethegum
820 1513 853 1587 9.
875 1521 905 1574 et
918 1513 951 1572 L.
966 1515 1030 1588 Ap-

66 1595 167 1668 puleios
178 1597 218 1656 Μ.
232 1595 397 1656 Caecilium
410 1595 440 1654 C.
453 1595 609 1657 Salonium
623 1596 653 1655 C.
667 1595 844 1657 Munatium.
861 1597 1031 1657 diviserunt

66 1679 130 1739 dena
143 1681 247 1756 iugera
262 1681 293 1738 in
308 1678 458 1754 singulos,
475 1679 570 1740 sociis
585 1679 717 1741 nominis
731 1679 829 1740 Latini
844 1686 939 1740 terna.

132 1763 284 1824 Paridem
298 1771 435 1838 tempus,
452 1781 512 1838 quo
528 1763 605 1822 haec
620 1762 795 1838 agebantur,
811 1762 902 1836 legati
918 1776 957 1821 ex
972 1765 1031 1820 Ae-

67 1848 123 1907 tolia
134 1849 262 1908 Romam
276 1849 426 1907 venerunt
443 1848 483 1907 de
498 1846 662 1906 discordiis
678 1845 942 1922 seditionibusque
957 1845 1032 1918 suis,

55 1939 88 1989 et
97 1931 227 1992 litessali
245 1931 337 2006 legati
350 1933 539 2004 nuntiantes
557 1945 635 2005 quae
649 1930 680 1988 in
694 1927 877 1990 Macedonia
891 1943 1032 2004 gereren-

67 2023 110 2072 tur.
128 2015 164 2074 V.
184 2015 320 2074 Perseus
336 2015 395 2073 iam
405 2015 518 2076 bellum
530 2013 601 2075 vivo
614 2021 700 2089 patre
712 2013 877 2089 cogitatum
888 2013 918 2072 in
930 2010 1032 2072 animo

67 2100 192 2174 volvens,
214 2114 323 2160 omnes
344 2114 406 2160 non
429 2106 536 2174 gentes
551 2099 644 2159 modo
661 2096 807 2158 Graeciae
823 2098 879 2156 sed
895 2094 1032 2156 civitates

0 2217 1 2232 2
66 2181 138 2242 etiam
152 2180 356 2258 legationibus
370 2182 534 2254 mittendis,
550 2183 724 2259 pollicendo
740 2183 932 2256 pluraquam
946 2193 1033 2254 prae-

67 2267 168 2339 stando,
185 2267 245 2326 sibi
260 2267 450 2328 conciliabat.
474 2273 559 2326 erant
571 2277 671 2328 tamen
686 2281 814 2341 magnae
831 2265 924 2340 partis
934 2262 1033 2323 homi-

67 2363 122 2408 num
142 2352 180 2410 ad
201 2351 339 2410 latiorem
354 2351 419 2411 eius
437 2349 571 2410 inclinati
585 2351 691 2420 animi,
715 2356 746 2409 et
759 2347 925 2424 aliquando
941 2360 1034 2422 quarn

67 2431 89 2489 in
101 2434 262 2493 Eumenem
284 2434 519 2509 propensiores,
541 2449 610 2493 cum
623 2433 768 2492 Eumenis
788 2431 948 2490 beneficiis
967 2445 1033 2488 mu-

67 2517 238 2593 neribusque
260 2523 366 2577 omnes
389 2517 534 2576 Graeciae
555 2515 692 2576 civitates
711 2523 740 2576 et
760 2515 900 2590 plerique
921 2511 1033 2586 princi·

68 2613 125 2670 pum
137 2601 263 2675 obligati
274 2606 386 2672 essent
365 2599 485 2660 tetita
496 2609 531 2659 se
542 2599 572 2657 in
584 2614 679 2672 regno
694 2614 751 2657 suo
764 2603 892 2671 gereret,
907 2601 942 2654 ut
953 2609 1034 2668 quae

68 2681 113 2740 sub
127 2683 247 2744 dicione
263 2683 335 2743 eius
343 2677 436 2743 urbes
452 2685 557 2742 essent
570 2683 681 2741 nullius
696 2681 811 2739 liberae
826 2676 956 2737 civitatis
972 2677 1034 2736 ior-

67 2768 153 2825 tunam
173 2774 280 2844 secum
300 2774 444 2828 mutatam
464 2766 587 2826 vellent.
624 2771 730 2824 contra
743 2762 857 2822 Persea
872 2762 953 2820 tama
971 2767 1036 2822 erat

68 2857 126 2919 post
138 2850 231 2924 patris
247 2839 375 2911 mortem
389 2863 518 2910 uxorem
531 2865 623 2910 manu
638 2863 695 2908 sua
706 2845 868 2919 occidisse,
884 2832 1034 2921 Apellem

68 2931 219 2994 ministrum
235 2935 391 3010 quondam
405 2934 544 2994 iraudis
536 2949 566 2992 ιιι
582 2933 673 2992 iratre
686 2931 822 2992 tollendo
841 2937 933 3007 atque
949 2929 988 2990 ob
1004 2928 1036 2989 id

69 3020 91 3072 et
103 3019 271 3090 quaesitum
283 3018 456 3093 aPhilippo
472 3019 511 3076 ad
526 3015 710 3092 supplicium
725 3023 755 3076 et
770 3016 971 3084 exsulantem,
988 3029 1036 3072 ar-

70 3099 198 3161 cessitum
210 3107 281 3177 post
292 3101 387 3178 patris
399 3109 525 3162 mortem
536 3099 708 3176 ingentibus
723 3098 883 3174 promissis
895 3099 935 3158 ad
948 3110 1035 3172 prae·

69 3181 117 3240 mia
129 3189 227 3244 mutae
242 3193 434 3260 perpetratae
447 3183 492 3246 rei
507 3185 585 3244 clam
598 3183 797 3244 interfecisse.
820 3181 971 3243 intestinis
983 3194 1035 3237 ex-

70 3263 211 3342 ternisque
238 3276 397 3342 praeterea
424 3267 525 3328 multis
551 3267 698 3328 caedibus
724 3265 866 3326 infamem
891 3278 949 3323 nec
973 3262 1036 3320 ullo

70 3351 325 3412 commendabilem
345 3351 452 3411 merito
474 3352 688 3426 praeferebant
710 3353 808 3424 vulgo·
820 3348 957 3408 civitates
976 3349 1036 3402 tam

72 3428 112 3497 pio
124 3446 193 3508 erga
202 3436 404 3511 propinquos,
419 3441 479 3494 tam
491 3433 571 3495 iusto
586 3436 617 3494 in
630 3436 723 3505 cives,
736 3440 797 3491 tam
808 3427 951 3488 munifico
964 3439 1036 3497 erga
