2368 3858
175 270 185 277 ,
217 196 410 257 ΕΡΙΤΟΜΑΕ
425 193 627 256 LIBRORUM
642 196 877 256 CXVi—-CXXL
974 196 1035 259 sii

50 349 98 388 eins
120 345 264 398 Capitolium.
285 345 399 386 oblivione
419 344 499 386 deinde
520 345 595 385 caedis
614 347 662 386 elus
676 357 689 384 a
702 349 781 385 senatu
797 345 898 394 decreta,
920 347 1037 389 obsidibus

50 401 140 442 Antonii
156 404 180 441 et
194 400 272 452 Lepidi
287 400 366 440 liberis
379 401 480 451 acceptis
494 400 601 439 coniurati
621 409 635 438 s
649 399 760 451 Capitolio
776 399 946 444 descenderunt.
968 404 1034 442 teste-

51 459 123 496 nento
140 455 245 496 caesuris
259 453 325 494 ireres
339 465 368 494 ex
383 458 445 506 parte
460 453 552 494 dimidia
566 455 682 494 institutus
696 454 722 494 C.
738 453 846 494 Octavius
859 455 944 495 sororis
958 466 1036 508 nepos,

49 514 70 550 et
85 511 107 550 in
124 520 205 549 nomen
221 507 342 560 adoptatus
356 511 398 548 est.
419 507 522 548 Caesaris
537 517 618 558 corpus
633 519 681 546 cum
697 509 719 547 in
735 518 834 559 campum
849 507 953 548 Martium
968 508 1035 550 terrc-

50 569 97 613 tur,
113 575 126 603 a
141 563 210 615 plebe
225 566 277 603 anta
291 565 362 602 rostra
376 566 495 602 crematum
509 564 553 605 cst.
574 561 697 602 dictaturae
716 559 787 600 limos
802 562 823 600 in
839 565 969 614 perpetuum
983 563 1036 602 sub·

49 619 107 658 latus
123 620 168 659 est.
185 617 211 656 C.
227 617 340 664 Amatius,
356 614 490 656 humillimae
505 616 574 656 sortis
588 615 665 664 bomo,
681 615 758 666 quise
773 615 798 656 C.
816 616 881 656 ltisrli
896 615 965 656 ilium
978 616 1035 658 iere·

50 672 92 721 bat,
108 682 160 710 curn
177 669 237 723 apud
253 669 363 710 credulem
379 670 467 721 plebem
482 669 606 710 seditiones
621 672 726 718 moveret,
744 672 837 709 necatus
851 673 893 710 est.

101 723 191 765 cxiiii.
207 722 580 774 communicauimusque
596 723 657 763 venit
672 726 708 773 leo
725 725 782 762 eninr
798 722 861 764 liium
876 724 960 766 caeter
973 735 1035 776 prae·

49 782 152 826 miserat,
170 777 252 818 bellum
268 778 289 816 in
304 777 434 818 Macedonia
448 780 573 829 gesturus),
592 777 747 827 ominibusque
763 778 875 829 prosperis
891 781 999 830 exceptus
1012 785 1035 818 ct

49 845 126 873 nomen
144 832 249 874 Caesaris
263 832 365 883 sumpsit.
387 833 408 871 in
424 827 554 872 contusione
569 841 641 871 rerum
655 842 682 870 aa
696 831 793 872 tumultu
808 829 907 882 bepldus
921 831 1034 883 pontitian-

49 895 91 928 tnm
108 887 230 927 maximnm
244 885 369 936 intercepit.
383 885 424 925 sed
438 886 469 926 Μ.
482 887 592 925 Antonius
605 885 684 926 consui
699 896 749 925 cum
764 887 898 936 impotenter
912 885 1035 930 dominare·

49 947 95 991 tur,
116 940 236 992 legemque
251 938 278 980 de
293 940 456 991 permutatione
471 938 634 991 provinciarum
649 950 690 991 per
704 940 748 980 rim
763 939 864 987 tulisset,
880 943 903 978 et
917 939 1035 981 Caesarem

1 1075 2 1078 a
48 993 494 1097 iiiiiiiliticiii,titii
507 993 1034 1100 it'iitizi'„tilitiitizil‘ziiiiit

49 1115 84 1144 rus
107 1101 221 1142 deductos
242 1103 263 1142 ln
286 1101 385 1141 colonias
406 1104 524 1142 veteranos
546 1101 661 1143 excitavit.
684 1101 784 1152 legiones
806 1111 895 1151 quoquc
914 1105 993 1152 quarta
1013 1104 1035 1140 et

50 1157 129 1198 iiartis
144 1157 210 1207 signa
220 1155 247 1194 sb
259 1155 355 1196 Antonio
372 1155 400 1194 ad
410 1154 528 1196 Caesarem
543 1154 650 1196 tulerunt.
666 1153 747 1195 deinde
762 1158 784 1194 et
799 1154 925 1206 cumplures
939 1155 1034 1195 saevitia

50 1213 80 1254 iti.
96 1211 203 1257 Antonii,
219 1212 301 1262 pussim
315 1210 337 1248 in
353 1207 433 1250 castris
447 1209 494 1249 suls
508 1209 641 1250 trucidantis
656 1209 694 1260 qui
709 1209 810 1260 suspecti
824 1211 895 1257 erant,
911 1207 939 1247 sd
954 1208 1033 1248 caesa·

1 1305 2 1322 χ
49 1276 93 1306 rem
109 1264 261 1303 desciverunt.
281 1263 310 1304 D.
326 1263 415 1313 Brutus,
431 1266 455 1303 ut
470 1263 554 1315 petenti
569 1263 704 1314 Cisalpinam
721 1261 817 1302 Galliam
831 1261 927 1303 Antonio
940 1262 1034 1302 obsiste·

50 1324 94 1368 ret,
113 1318 223 1358 Mutinam
238 1328 286 1357 cum
301 1318 401 1357 exercitu
416 1319 541 1369 occupavit.
561 1322 676 1370 praeterea
695 1316 818 1356 discursum
834 1315 1035 1369 utriusquepartis

50 1373 147 1413 virorum
163 1371 191 1411 ad
205 1371 347 1423 accipiendas
361 1373 487 1424 provinclss
501 1376 667 1425 apparatusque
683 1369 737 1411 belli
752 1371 859 1410 continet.

102 1425 200 1467 cxviii.
219 1425 251 1466 Μ.
271 1425 352 1465 Brutus
371 1427 393 1466 in
416 1426 509 1467 Graecis
526 1427 567 1466 sub
587 1428 707 1479 praetextu
726 1425 759 1466 rel
780 1425 883 1478 publicae
898 1426 920 1463 et
934 1421 1033 1473 suscepti

1 1478 2 1496 ¹
50 1487 125 1521 contra
141 1480 173 1521 Μ.
186 1481 306 1520 Antonium
326 1479 380 1520 belli
401 1482 533 1529 exercitum,
554 1481 589 1521 cci
604 1481 706 1521 Vatinius
721 1485 836 1531 praeerat,
854 1487 904 1519 cum
919 1475 1034 1529 provincia

51 1537 71 1574 ia
87 1536 221 1586 potestatem
236 1544 299 1575 suam
314 1533 407 1586 redegit.
424 1537 450 1578 c.
460 1533 557 1586 Caesari,
574 1535 612 1586 qui
628 1546 668 1587 pro
683 1534 811 1586 republica
826 1544 887 1574 arms
900 1538 1033 1582 sumpserat,

52 1589 200 1641 propraetoris
215 1588 329 1639 imperium
349 1598 363 1627 a
382 1592 460 1629 senatu
475 1589 549 1628 dstum
565 1593 600 1628 cst
614 1600 663 1629 cum
678 1588 833 1628 consularibus
848 1585 982 1626 ornamentis
996 1583 1034 1622 ad·

52 1645 190 1693 lectumque,
206 1645 230 1681 ut
244 1645 334 1682 senator
348 1646 416 1683 esset.
431 1643 462 1683 Μ.
478 1644 587 1683 Antonius
602 1643 631 1684 l).
647 1645 737 1684 Brutum
752 1641 852 1682 liiutinse
867 1638 968 1688 obsedit3
983 1638 1033 1676 inis·

52 1699 113 1748 sique
132 1695 161 1737 ad
182 1707 231 1735 eum
251 1708 264 1734 ι
278 1699 355 1736 senatu
372 1696 442 1748 iegati¹
461 1696 489 1736 de
503 1709 558 1749 pace
573 1708 651 1748 parum
666 1695 694 1735 sd
709 1707 757 1736 carn
772 1693 945 1745 componendam
959 1693 1034 1730 value-

1 1752 2 1774 i
51 1754 107 1792 runt.
131 1750 230 1802 populus
250 1749 363 1790 Romanus
384 1759 437 1801 saga
458 1751 561 1802 sumpsit.
582 1751 614 1792 Μ.
634 1751 716 1790 Brutus
736 1749 758 1788 in
778 1749 849 1800 Epiro
870 1747 896 1791 C.
914 1746 1033 1786 Antonium

55 1808 177 1856 praetorem
192 1815 241 1843 cum
257 1804 356 1844 exercitu
371 1805 476 1856 potestati
491 1815 544 1845 suae
558 1804 662 1846 subiecit.

104 1858 180 1899 CXlX.
198 1858 223 1899 C.
238 1857 360 1898 Trebonius
375 1859 396 1897 in
413 1859 465 1898 Asia
480 1858 556 1898 iraude
571 1858 598 1897 Ρ.
613 1856 745 1897 Dolabellae
759 1857 847 1896 occisus
861 1857 903 1894 est.
922 1853 950 1892 ob
965 1851 988 1890 id
1003 1851 1033 1890 ia·

54 1913 113 1953 cinus
128 1910 248 1952 Dolabella
267 1924 280 1951 s
299 1915 377 1952 senatu
398 1910 471 1952 bostis
492 1912 602 1952 iudicatus
617 1915 660 1952 est.
680 1923 729 1952 cum
744 1911 817 1950 Pansa
831 1907 909 1950 consul
925 1904 982 1947 male
996 1904 1033 1944 ad-

55 1976 127 2006 versus
147 1965 265 2006 Antoniam
285 1969 418 2018 pugnasset,
438 1967 465 2009 A.
484 1966 569 2007 liirtius
588 1965 665 2005 consul
685 1977 734 2006 cum
753 1964 852 2004 exercitu
873 1958 1035 2013 superveniens

53 2020 106 2060 tusis
119 2020 152 2060 ii.
165 2019 254 2059 ,tritonii
269 2020 464 2071 copiistortnnam
480 2022 596 2070 utriusque
611 2019 681 2072 partis
694 2022 808 2070 aequavit.
824 2017 896 2056 victus
911 2013 992 2054 deinde
1006 2013 1034 2051 ab

55 2074 121 2113 liirtio
137 2077 159 2113 et
175 2074 271 2114 Caesare
286 2075 396 2114 Antonius
415 2075 437 2113 in
453 2073 549 2114 Galliam
564 2073 676 2124 coniuglt,
696 2079 718 2114 et
733 2073 763 2114 ni.
777 2071 886 2125 Lepidum
901 2080 949 2109 cum
965 2067 1033 2116 legio·

56 2129 125 2177 iibus,
147 2138 206 2178 quae
227 2127 268 2167 sub
289 2128 339 2179 ipso
355 2130 429 2177 erant,
450 2127 493 2168 sibi
508 2129 593 2177 iunxit;
612 2127 727 2179 hostisque
742 2139 756 2168 a
774 2129 853 2167 senatu
868 2135 918 2165 cum
932 2122 1035 2163 omnibus

56 2184 90 2233 qni
104 2182 163 2221 intra
178 2180 291 2232 praesidia
305 2183 353 2221 eius
368 2184 444 2221 essent
458 2181 568 2222 iudicatus
582 2185 624 2222 est.
638 2185 665 2224 A.
681 2183 778 2231 Hirtius,
799 2181 836 2233 qul
852 2183 903 2231 post
917 2177 1034 2218 victorium

2 2251 3 2290 ς
55 2237 74 2275 in
88 2235 143 2286 ipsis
158 2234 255 2276 bostium
270 2235 350 2276 castris
365 2235 488 2284 ceciderat,
509 2239 532 2275 et
546 2236 571 2276 c.
587 2235 660 2276 Pansa
677 2249 689 2276 e
704 2238 807 2286 vnlnere,
828 2234 889 2286 quod
904 2234 925 2274 in
940 2231 1034 2271 adverso

56 2290 135 2341 proelio
155 2293 288 2341 exceperat,
309 2288 440 2338 defunctus,
459 2289 481 2328 in
501 2300 579 2342 campo
599 2290 679 2331 Martio
699 2291 783 2344 sepulti
802 2294 861 2330 sulit.
881 2284 1031 2327 adversust).

2 2340 3 2348 ¹
56 2345 179 2392 caesarem,
200 2343 238 2398 qul
253 2342 315 2382 solus
329 2355 341 2382 e
356 2343 427 2383 tribus
442 2343 536 2384 ducibus
549 2348 677 2395 supererat,
698 2356 774 2396 parum
789 2348 865 2394 gratus
878 2345 971 2382 senatus
985 2338 1033 2386 tuit,

54 2399 90 2448 qni
110 2397 139 2437 i).
156 2398 225 2436 Bruto
244 2397 360 2437 obsidione
374 2397 497 2438 ltiutinensi
516 2409 530 2437 a
545 2399 640 2440 Caesare
660 2398 753 2438 liberato
773 2397 857 2437 bonore
876 2392 981 2445 triumphi
997 2391 1033 2430 de·
1100 2409 1110 2418 ν

2 2463 4 2492 1
56 2454 126 2500 creto,
145 2450 248 2492 Caesaris
266 2451 405 2503 militumque
428 2451 477 2491 elus
495 2452 629 2492 mentionem
649 2463 692 2491 non
712 2453 767 2491 satis
787 2454 870 2502 gratam
892 2447 983 2494 babuit,
1005 2444 1033 2484 ob

3 2509 4 2544 ἶ
57 2516 109 2556 quse
123 2505 148 2547 c.
164 2504 253 2556 caesar,
268 2506 411 2547 reconciliata
425 2505 620 2558 perld.Lepidum
635 2516 683 2545 cum
699 2504 835 2546 bi.Antonto
849 2504 927 2553 gratis,
942 2500 1034 2540 itomam

3 2555 5 2606 ἶ
55 2571 101 2598 cum
115 2559 213 2600 exercitu
229 2559 301 2609 venit,
321 2564 344 2600 et
362 2560 474 2612 perculsis
487 2559 585 2600 adventu
601 2559 649 2599 eius
664 2558 703 2607 iis,
723 2560 762 2611 qui
776 2559 798 2598 ln
813 2568 863 2597 eum
878 2555 949 2605 iniqui
963 2559 1032 2599 erant,

3 2639 4 2644 ,
57 2624 101 2653 cum
115 2624 182 2654 annos
198 2613 350 2655 novemdecim
364 2613 463 2664 baberet,
479 2615 556 2654 consul
571 2614 659 2654 creatus
673 2615 716 2652 est.

105 2666 170 2709 cxx.
190 2667 273 2732 Caesar
286 2666 364 2708 consul
379 2668 451 2720 legem
466 2669 517 2708 tulit
532 2667 560 2708 de
575 2667 706 2719 quaestione
719 2665 823 2705 habenda
837 2666 859 2705 in
876 2673 925 2713 eos,
941 2671 1034 2726 quorum

4 2791 5 2820 Γ
57 2720 738 2817 tiit.ittiitiiinziini⁰iii²iff¹ilzi3⁸iii
751 2721 841 2814 iiii:
855 2716 1034 2824 inditiis

59 2831 79 2867 et
92 2828 202 2870 illunstius
217 2828 313 2870 Plancus
327 2842 376 2870 cum
391 2831 527 2871 exercitibus
541 2829 589 2869 suis
608 2828 707 2880 adiuncti
720 2827 877 2879 ampliassent‚
898 2831 921 2866 et
934 2824 964 2868 Ι).
980 2824 1034 2864 Bru·

4 2905 6 2930 2
56 2887 102 2930 tus,
116 2886 149 2924 cui
164 2887 256 2924 senatur
270 2889 294 2924 ut
308 2888 481 2935 persequeretur
496 2884 615 2924 Antonium
630 2882 784 2931 maudaverat,
807 2882 927 2923 relictura
943 2879 1033 2931 legioni·

4 2981 5 2984 Ἴ
60 2934 95 2975 bus
108 2939 153 2977 suis
168 2938 316 2989 profugisset,
336 2939 398 2978 iussu
413 2939 516 2987 Antonii,
532 2939 553 2978 ln
568 2939 631 2977 culus
645 2941 779 2990 potestatem
794 2939 899 2985 venerat,
915 2947 928 2975 a
943 2933 1034 2986 Capeno

4 2989 6 3030 i
59 2989 155 3040 Sequano
170 2991 300 3032 interiectus
315 2997 358 3032 est.
374 2993 400 3035 c,
416 2993 500 3032 Caesar
513 3002 590 3043 pacem
605 3003 653 3032 cum
668 2993 765 3032 Antonio
781 2997 804 3032 et
818 2990 904 3043 Lepido
919 2989 985 3038 iecit,
1002 2989 1034 3029 tta

60 3047 80 3080 ut
92 3046 178 3085 tresviri
197 3047 230 3086 rei
253 3046 354 3096 publicae
374 3045 599 3098 constituendaeper
613 3046 789 3098 quinquennium
804 3050 879 3085 essent
894 3045 943 3098 ipse
958 3047 980 3083 et
994 3043 1033 3083 Le·

60 3095 119 3146 pilus
132 3103 154 3138 et
168 3099 288 3149 Antonius,
309 3103 331 3140 et
346 3103 370 3140 ut
384 3110 437 3140 suos
451 3101 547 3152 quisque
566 3099 667 3140 inimicos
682 3101 856 3152 proscriberent,
876 3099 899 3138 in
918 3109 963 3150 qua
982 3108 1033 3148 pro·

59 3151 170 3202 scriptione
190 3153 280 3205 plurimi
299 3155 387 3204 equites
401 3154 507 3202 Romani,
528 3158 616 3194 centum
634 3154 727 3205 triginta
740 3158 868 3195 senatorum
883 3154 971 3192 nomina
986 3151 1033 3190 iue-

59 3209 109 3254 runt,
124 3210 146 3245 et
160 3208 218 3248 inter
233 3217 272 3247 eos
286 3209 311 3250 L.
325 3207 389 3248 Pauli
405 3207 482 3247 fratris
495 3208 526 3252 Μ,
542 3206 627 3259 Lepidi,
644 3212 665 3247 et
678 3209 703 3253 i.
713 3210 814 3251 Caesaris
823 3203 1032 3252 Antoniiavnncuii,

60 3262 79 3295 ct
91 3258 120 3299 Μ,
132 3260 251 3302 Ciceronis.
266 3260 332 3301 liuius
346 3261 413 3302 occisi
427 3273 440 3300 a
450 3261 547 3314 Popillio
563 3261 682 3313 legionario
697 3262 775 3311 milite,
791 3273 840 3302 cum
854 3258 948 3299 haberet
962 3267 1032 3296 annos

59 3314 165 3363 sexaginta
178 3319 231 3364 tres,
249 3319 315 3368 caput
330 3326 422 3367 quoque
437 3327 485 3355 cum
501 3315 579 3355 dextra
593 3328 657 3355 manu
672 3318 694 3356 in
709 3317 787 3356 rostris
802 3315 899 3367 positum
910 3316 953 3354 cst.
969 3320 1031 3362 prae-

59 3369 160 3407 tessares
174 3381 188 3410 a
202 3369 232 3409 iti.
247 3370 316 3409 Bruto
330 3370 352 3409 in
368 3369 461 3410 Graecia
475 3372 550 3421 gestas
565 3370 671 3410 eontinet.

106 3419 180 3465 CXXI.
201 3423 227 3466 C.
244 3422 346 3472 Cassius,
362 3424 397 3463 sui
411 3423 539 3463 mandatum
554 3435 567 3462 a
580 3429 659 3464 senatu
675 3427 734 3471 erat,
750 3426 774 3461 ut
788 3418 930 3462 Dolabellam
944 3415 1031 3458 bostem

61 3470 169 3516 iudicatum
184 3477 244 3518 bellu
260 3480 442 3530 persequeretur,
463 3478 594 3518 auctoritste
609 3478 640 3517 rei
661 3475 764 3529 publicae
778 3473 868 3514 sdlutus
882 3471 969 3524 Syriam
984 3482 1031 3511 cum
