2368 3858
221 224 336 284 LIBER
349 223 439 283 XLV.
463 224 546 281 CAP.
559 231 603 285 36.
615 232 659 288 37.
682 231 719 298 [a.
731 230 764 288 C.
779 231 839 298 tot]
957 225 1021 290 289

50 377 126 453 giam
147 375 304 436 terendum
326 382 418 436 esset.
450 375 528 435 intro
551 384 678 438 vocatae
698 378 815 452 primae
834 380 931 441 tribus
953 397 1023 441 cum

51 460 252 534 antiquarent,
275 473 446 519 concursus
461 460 491 518 in
508 459 687 534 Capitolium
702 461 877 537 principum
892 464 1029 524 civitatis

50 546 142 604 lactus
156 548 220 618 est,
242 540 400 617 indignum
420 541 540 603 lacinus
555 558 627 604 esse
643 545 874 619 clamitantium,
895 546 929 606 L.
944 546 1022 608 Pau-

48 630 103 688 lum
123 625 197 686 tanti
217 626 289 686 belli
311 626 456 685 victorem
483 627 649 701 despoliari
671 628 841 704 triumphos
868 631 1022 692 obnoxios

47 711 243 785 imperatores
265 709 343 769 tradi
362 708 502 769 licentiae
523 717 615 786 atque
636 712 781 772 avaritiae
794 713 921 774 militari.
941 730 1023 776 nunc

21 797 24 804 ⁴
47 792 129 853 nimis
145 809 241 868 saepe
258 807 313 868 per
329 791 523 852 ambitionem
536 794 672 868 peccari=
696 795 780 870 quid,
796 797 822 857 si
837 797 952 858 domini
967 797 1021 856 mi·

1 945 2 954 2
48 879 108 937 lites
119 876 358 951 imperatoribus
369 875 583 950 imponantur
597 878 627 937 in
636 878 761 938 Galbam
774 897 830 955 pro
842 897 877 940 se
890 881 1022 957 quisquc

48 961 155 1036 probra
170 960 320 1035 ingerere.
343 959 466 1018 tandem
482 960 540 1020 boc
551 963 679 1021 tumultu
690 963 797 1024 sedato
809 964 848 1022 Μ.
863 963 1021 1036 Servilius,

1 1039 2 1044 ’
50 1043 95 1118 qui
110 1046 222 1104 consul
237 1048 267 1103 et
281 1042 426 1117 magister
440 1045 575 1119 equitum
590 1045 697 1119 luerat,
717 1053 751 1105 ut
765 1047 804 1106 de
818 1048 936 1121 integro
953 1063 1021 1108 eam

45 1143 103 1188 rem
116 1136 246 1202 agerent
261 1127 300 1186 ab
315 1127 444 1187 tribunis
460 1135 573 1202 petere,
595 1128 779 1202 dicendique
793 1131 853 1191 sibi
866 1131 906 1190 ad
921 1146 1021 1206 popu-

45 1213 100 1271 lum
118 1216 305 1286 potestatem
324 1211 468 1270 lacerent
501 1211 612 1271 tribuni
633 1226 702 1272 cum
724 1212 764 1272 ad
790 1213 1023 1274 deliberandum

46 1295 262 1368 secessissent,
288 1293 361 1354 victi
385 1295 615 1355 auctoritatibus
641 1295 814 1370 principum
840 1297 879 1357 de
902 1296 1021 1372 integro

45 1395 132 1452 agere
147 1386 323 1453 coeperunt,
339 1387 603 1453 revocaturosque
614 1395 650 1438 se
661 1379 787 1440 easdem
799 1381 895 1442 tribus
909 1396 1021 1443 renun-

47 1463 165 1535 tiarunt,
181 1463 208 1522 si
222 1461 263 1520 lt
279 1461 428 1522 Servilius
443 1462 556 1538 aliique
571 1462 697 1539 privati,
714 1463 767 1540 qui
782 1465 885 1526 dicere
900 1465 1020 1540 vellent,

46 1546 200 1606 dixissent.

120 1629 271 1689 XXXVII.
290 1629 363 1689 Tum
374 1629 517 1691 Servilius
530 1641 685 1706 „quantus
696 1630 862 1706 imperator
873 1633 905 1692 L.
916 1633 1020 1693 Aemi-

46 1713 97 1773 lius
120 1712 225 1786 luerit,
248 1712 395 1787 Quirites,
417 1714 444 1773 si
465 1729 503 1772 ex
526 1715 585 1774 alia
598 1731 632 1774 re
647 1716 729 1775 nulla
743 1716 898 1775 aestimari
911 1715 1020 1790 possit,

22 1838 27 1850 .
47 1799 88 1855 rel
102 1797 163 1857 hoc
179 1796 255 1857 satis
270 1804 343 1871 erat,
361 1798 530 1871 quodcum
545 1806 605 1858 tam
621 1797 788 1859 seditiosos
804 1806 835 1858 et
847 1800 933 1858 leves
945 1798 1020 1858 nrili·

47 1887 99 1955 tes,
128 1889 189 1940 tam
209 1881 357 1953 nobilem,
384 1888 444 1940 tarn
466 1881 673 1956 temerarium,
699 1889 759 1940 tarn
773 1883 967 1956 eloquentem
981 1882 1022 1941 ad

48 1961 244 2040 instigandam
270 1964 491 2024 multitudinem
516 1965 670 2024 inimicum
698 1964 860 2025 incastris
883 1965 1020 2038 haberet,

48 2049 150 2108 nullam
176 2049 207 2108 in
235 2048 371 2108 exercitu
399 2049 580 2111 seditionem
601 2047 714 2108 habuit.
743 2048 850 2108 eadem
873 2049 1020 2109 severitas

48 2131 174 2206 imperii,
197 2148 290 2207 quam
312 2148 394 2192 nunc
416 2133 560 2206 oderunt,
582 2141 653 2192 lunc
668 2149 723 2194 eos
738 2131 895 2193 continuit.
918 2133 1022 2207 itaque

49 2217 164 2291 antiqua
186 2216 350 2290 disciplina
371 2215 464 2276 habiti
480 2215 514 2252 **
529 2232 630 2290 neque
644 2218 791 2277 lecerunt
813 2215 879 2277 Ser.
896 2216 1021 2292 quidem

48 2299 145 2374 Galba,
160 2301 187 2359 si
203 2299 233 2359 in
248 2293 392 2361 L.‘Paulo
407 2300 586 2361 accusando
602 2300 773 2361 tirocinium
788 2316 905 2375 ponere
920 2309 950 2360 et
965 2301 1019 2360 do-

47 2390 215 2445 cumentum
230 2381 426 2457 eloquentiae
440 2384 515 2444 dare
529 2384 633 2456 voluit,
649 2400 709 2445 non
725 2385 910 2459 triumphum
925 2384 1020 2458 impe-

47 2467 106 2526 dire
125 2467 247 2541 debuit,
278 2482 385 2542 quem,
414 2467 441 2526 si
461 2467 534 2527 nihil
555 2468 651 2540 aliud,
681 2475 807 2528 senatus
823 2469 933 2528 iustum
948 2483 1020 2527 esse

47 2549 243 2625 iudicaverat,
259 2551 317 2610 sed
331 2558 459 2625 postero
475 2551 525 2610 die
540 2568 630 2626 quarn
647 2552 862 2625 triumphatum
878 2558 938 2618 est,
959 2550 1019 2624 pri-

47 2643 139 2695 vatum
157 2651 226 2695 cum
243 2635 365 2732 visurus
380 2643 472 2707 esset,
490 2651 602 2695 nomen
614 2634 746 2694 delerret
757 2640 786 2693 et
797 2633 916 2707 legibus
928 2633 1018 2692 inter-

48 2727 176 2792 rogaret,
200 2725 253 2779 aut
267 2734 368 2778 senus
383 2719 492 2793 paulo,
513 2733 582 2778 curn
598 2717 727 2793 primum
741 2718 935 2791 magistratus
950 2718 1019 2791 ipse

48 2801 190 2876 cepisset,
213 2802 293 2861 diem
307 2802 437 2876 diceret,
459 2802 612 2862 inimicum
629 2802 668 2861 ad
684 2801 832 2876 populum
849 2806 1017 2862 accusaret.

48 2891 83 2942 tta
100 2893 130 2944 ct
149 2885 279 2960 prelium
300 2893 383 2946 recle
404 2887 475 2946 lacti
497 2886 683 2961 triumphurn
704 2885 830 2946 haberet
850 2884 882 2944 L.
904 2886 1017 2946 Paulus

49 2983 96 3040 pro
121 2968 245 3044 egregie
264 2968 345 3029 bello
366 2977 473 3045 gesto,
500 2975 530 3030 et
550 2987 697 3044 poenam,
723 2970 749 3029 si
772 2969 845 3045 quid
866 2977 895 3031 et
914 2976 1018 3030 vetere

48 3051 136 3123 gloria
157 3068 217 3112 sua
237 3059 267 3112 et
286 3069 368 3112 nova
386 3053 545 3129 indignum
559 3054 692 3114 lecisset.
716 3054 773 3113 sed
789 3053 943 3128 videlicet,
969 3053 1018 3112 cui

48 3135 152 3194 crimen
173 3136 302 3210 nullum,
325 3138 440 3197 nullum
454 3137 601 3212 probrum
614 3138 717 3198 dicere
732 3145 865 3213 poterat,
880 3138 947 3197 eius
963 3137 1017 3196 cb-

48 3223 167 3279 treclare
188 3221 296 3279 laudes
324 3221 427 3280 voluit.
463 3221 543 3282 diem
569 3221 718 3296 integrum
739 3221 882 3281 hesterno
907 3220 957 3279 die
978 3219 1018 3277 ad

48 3303 247 3364 accusandum
268 3303 301 3362 L.
322 3302 449 3364 Paulum
465 3304 563 3378 petiit,
585 3313 727 3380 quattuor
741 3304 849 3376 horas,
871 3310 1017 3376 quantum

48 3396 200 3460 supererat
215 3387 285 3459 diei,
302 3386 433 3448 dicendo
448 3388 626 3463 absumpsit.
642 3387 710 3463 quis
725 3401 869 3462 umquam
886 3392 946 3444 tam
961 3401 1016 3444 no-

48 3479 112 3528 cens
131 3487 204 3531 reus
227 3471 297 3543 luit,
319 3470 407 3532 cuius
430 3470 501 3532 vitia
524 3473 603 3532 vilae
623 3479 668 3532 tot
688 3470 773 3530 horis
793 3468 931 3542 expromi
953 3483 1014 3527 non

82 3569 105 3610 r.
120 3569 181 3613 mvr
196 3571 273 3614 anns
289 3556 326 3612 V.
409 3559 411 3563 '
779 3557 810 3608 to
