2364 3862
158 173 220 239 248
306 176 422 236 LIBER
432 176 537 235 XLIV.
560 176 642 236 CAP.
657 183 702 236 40.
713 184 756 236 41.
769 175 805 253 [a.
817 181 853 234 U.
865 197 889 238 e.
901 179 966 247 584]

155 338 264 392 neuim
279 331 496 406 imperatorum
510 331 633 390 volente
648 329 784 402 tonans,
806 341 887 404 qaae
907 329 978 402 ptus
999 327 1133 391 consiliis

155 414 296 476 humanis
321 414 431 488 pollet,
458 411 609 474 contraxit
633 419 795 472 certamen.
828 410 942 471 fiumen
965 417 1034 472 erat
1054 412 1133 474 haud

155 515 298 573 magnum
317 497 448 574 propius
469 495 603 556 hostium
624 496 750 567 castris,
771 511 811 556 ex
827 511 889 570 quo
904 502 934 554 et
947 494 1131 557 Macedones

154 587 185 642 et
197 581 327 644 Romani
341 579 534 656 aquabantur
555 578 720 654 praesidiis
734 595 775 639 ex
788 585 918 652 aruaque
931 578 1001 652 ripa
1015 576 1132 653 positis,

153 665 233 726 ulid
248 666 351 726 iacere
371 670 436 725 tuto
458 671 597 738 possent.
618 662 699 722 duae
720 661 863 723 cohortes
885 677 904 723 a
923 669 1012 736 parte
1025 663 1130 722 Roma-

154 765 263 816 norum
277 754 378 822 erant,
399 747 573 808 Marrucina
586 753 617 807 et
629 745 769 821 Peligna,
792 747 872 806 duae
886 752 1004 806 turmae
1019 744 1130 806 Samni·

153 833 226 894 tium
240 831 385 908 equitum,
408 829 520 906 quibus
535 837 678 906 praeerat
690 829 740 890 Μ’.
756 828 884 905 Sergius
900 828 983 890 Silus
999 831 1130 903 legatus,

154 923 186 976 et
200 915 282 976 uliud
297 929 354 990 pro
371 913 481 974 castris
496 914 641 975 stativum
656 922 721 973 erat
735 913 922 989 praesidium
942 914 1001 974 sub
1017 911 1049 970 C.
1066 911 1120 971 Gla

155 1000 204 1060 vio
219 999 334 1074 legato,
357 1004 419 1058 tres
436 996 594 1073 cohortes,
608 997 750 1058 Firmana
764 996 895 1058 Vestina
909 995 1131 1070 cremonensis,

153 1083 234 1145 duae
248 1089 365 1144 turmae
378 1081 523 1157 equitum,
538 1080 713 1141 Placentina
723 1087 754 1141 ei
763 1081 944 1142 Aesernina.
958 1095 1028 1140 cum
1041 1078 1128 1141 otium

153 1166 194 1226 ad
208 1165 322 1226 flumen
339 1172 423 1226 esset
443 1165 557 1243 neutris
573 1165 806 1238 lacessentibus,
829 1164 906 1225 hora
920 1163 1038 1224 circiter
1053 1178 1130 1224 nona

153 1248 319 1312 iumentum
344 1263 361 1309 e
385 1247 526 1310 manibus
553 1248 722 1314 curantium
747 1250 885 1323 elapsum
907 1249 935 1308 iu
956 1245 1130 1307 ulteriorem

153 1333 252 1410 ripam
272 1333 388 1406 effugit.
417 1333 501 1407 quod
523 1347 591 1392 oum
612 1348 669 1408 per
688 1347 800 1405 aquam
821 1332 915 1392 terme
929 1345 1029 1405 genus
1044 1337 1141 1390 tenus·

154 1419 245 1476 altam
259 1423 322 1476 tres
337 1416 446 1476 milites
461 1422 674 1491 sequerentur,
695 1415 829 1475 Thraces
845 1415 906 1476 duo
915 1413 953 1475 “rd
967 1415 1130 1475 iumentum

155 1515 196 1558 ex
216 1498 318 1559 medio
340 1501 428 1558 alveo
449 1497 480 1559 in
495 1515 584 1559 suam
597 1499 696 1575 ripam
710 1497 866 1559 trahentes
883 1497 900 1536 *
915 1499 1012 1558 altero
1026 1513 1130 1558 eorum

153 1582 258 1642 occiso
278 1586 467 1657 receptoque
486 1583 620 1644 iumento
635 1584 675 1643 ad
690 1583 851 1644 stationem
866 1598 991 1643 suorum
1007 1597 1043 1642 se
1057 1581 1130 1640 reci-

153 1666 286 1742 piebant.
314 1665 559 1740 octingentorum
578 1667 730 1728 Thracum
752 1665 940 1741 praesidium
953 1664 984 1724 in
999 1665 1130 1726 hostium

152 1747 222 1824 ripa
235 1756 310 1809 erat.
333 1765 372 1808 cx
387 1748 435 1810 his
452 1749 542 1826 pauci
558 1750 672 1824 primo,
694 1765 786 1825 aegre
802 1751 887 1825 passi
904 1751 1086 1826 popularem
1099 1748 1128 1807 in

153 1847 210 1893 suo
235 1839 406 1908 conspectu
427 1849 567 1910 caesum,
598 1834 637 1893 ad
660 1835 895 1909 persequendos
921 1833 1129 1892 interfectores

152 1915 279 1977 tluvium
299 1916 486 1991 transgressi
506 1923 592 1992 suni,
615 1917 685 1978 dein
701 1919 820 1992 plures,
842 1923 998 1993 postremo
1014 1931 1127 1988 omnes,

152 2007 183 2061 et
197 2017 265 2061 cum
280 2001 435 2075 praesidio

150 2165 225 2226 XLI.
248 2165 399 2240 proelium
423 2166 515 2226 ducit.
543 2166 686 2226 movebat
704 2166 826 2239 imperii
848 2164 1009 2241 maiestas,
1035 2165 1129 2241 gloria

151 2248 218 2322 viri,
239 2254 309 2308 ante
324 2249 426 2309 omnia
440 2256 534 2323 aciae,
559 2250 644 2326 quod
659 2247 757 2309 maior
769 2249 929 2324 sexaginta
944 2251 1032 2310 annis
1047 2250 1127 2310 lave

152 2348 224 2392 num
239 2332 342 2392 munia
356 2333 387 2392 in
403 2341 488 2408 parte
504 2335 672 2410 praecipua
686 2333 801 2394 laboris
817 2333 1007 2408 periculique
1021 2347 1127 2408 capes-

153 2415 251 2476 sebat.
274 2415 465 2477 intervallum
479 2419 565 2493 quod
581 2419 659 2478 iuter
670 2423 822 2477 caetratos
834 2423 864 2476 et
875 2417 1045 2492 phalanges
1055 2421 1126 2488 erat,

152 2499 288 2575 implevit
301 2501 399 2576 legio,
426 2508 519 2576 atque
539 2501 636 2562 aciem
656 2500 789 2562 hostium
809 2501 978 2576 interrupit.
1005 2515 1025 2559 a
1045 2507 1126 2572 tergo

152 2585 293 2645 caetratis
308 2593 381 2660 erat,
404 2587 533 2645 lrontem
547 2585 697 2645 adversus
714 2583 863 2659 clipeatos
876 2585 1026 2644 habebat:
1049 2582 1126 2642 chal·

152 2668 297 2743 cespides
319 2668 562 2745 appellabantur.
592 2669 760 2728 secundam
780 2668 931 2743 legionem
951 2668 984 2726 L.
1000 2667 1125 2728 Albinus

152 2752 323 2812 consularis
346 2754 459 2813 ducere
480 2752 631 2814 adversus
646 2751 855 2826 leucaspidem
871 2751 1054 2826 phalangem
1068 2749 1123 2809 ius-

151 2849 221 2893 sus:
244 2851 281 2894 ea
293 2834 394 2894 media
405 2835 633 2895 acieshostium
643 2834 707 2896 mii.
730 2836 761 2894 in
774 2835 914 2895 dextrum
925 2849 1032 2906 cornu,
1048 2831 1124 2893 unda

150 2915 232 2974 circa
253 2915 380 2976 fluvium
402 2918 598 2978 commissum
619 2917 770 2993 proelium
789 2924 868 2992 erat,
890 2918 1071 2993 elephantos
1085 2915 1123 2974 in·

150 2998 235 3058 ducit
248 3005 279 3058 et
292 3001 358 3059 alas
374 3000 544 3070 sociorum;
567 3009 598 3062 et
610 3001 682 3063 hinc
697 3002 827 3077 primurn
842 3003 915 3075 luga
925 3001 1122 3062 Macedonum

149 3088 197 3141 est
218 3087 293 3142 orta.
324 3099 394 3143 nam
415 3083 494 3144 siout
508 3086 657 3162 pleraque
678 3101 759 3147 nova
774 3092 945 3146 commenta
959 3079 1122 3144 mortalium

148 3162 178 3224 in
194 3165 297 3225 verbis
312 3165 373 3227 vim
388 3166 509 3241 habent,
527 3169 727 3244 experiendo,
748 3184 817 3229 cum
832 3168 891 3242 agi,
906 3183 967 3228 non
986 3163 1122 3243 quemad

148 3249 272 3309 modum
288 3257 418 3324 agantur
432 3252 564 3312 edisseri
579 3260 711 3328 oporiet,
726 3253 793 3313 sine
808 3253 870 3312 ullo
886 3251 1000 3312 ellectu
1017 3263 1120 3310 evane-

148 3339 251 3405 scant,
273 3333 315 3392 ita
335 3340 398 3394 tum
419 3335 572 3408 elephanti
593 3337 623 3394 in
645 3337 711 3396 acie
731 3351 843 3394 nomen
858 3341 974 3395 tantum
990 3335 1055 3394 sine
1068 3345 1120 3392 usa

147 3413 277 3475 luerunt.
301 3416 531 3490 elephantorum
552 3419 698 3491 impetum
720 3419 876 3478 subsecuti
896 3424 969 3478 sunt
983 3416 1058 3480 socii
1071 3429 1117 3474 no
