2368 3858
265 192 639 255 caramuelem.
662 193 819 272 [nonu]
972 191 1034 258 art
1126 177 1132 182 ’

73 362 186 407 causam
200 360 305 406 eorum
320 341 438 404 adiuvit
450 343 490 403 Μ.
504 342 631 405 Porcius
647 344 731 420 cato,
746 345 798 420 qui
809 360 902 421 asper
912 343 1035 421 ingenio

71 437 124 493 tun
142 430 240 492 lenem
262 429 426 504 mitemque
441 432 614 489 senatorem
628 427 699 503 egit.
721 444 783 489 non
796 429 928 489 inseram
943 429 1036 490 simu·

70 516 172 574 lacrum
186 511 245 574 viri
261 511 381 588 copiosi
396 526 476 587 quae
496 511 607 572 dixerit
621 512 799 573 referendos
824 511 923 586 ipsius
938 514 1034 574 oratic

69 594 172 672 snipta
186 602 298 671 exstat,
314 594 469 670 Originum
485 594 590 670 quinto
605 593 682 654 libro
696 595 826 658 inclusa.
844 595 974 658 Rhodiis
989 611 1036 656 re·

69 697 208 757 sponsum
222 681 267 742 ita
279 679 431 741 redditum
447 684 503 752 est,
523 684 557 738 ut
570 693 627 739 nec
641 678 748 740 hostes
763 679 873 741 iterent
886 694 944 740 nec
960 679 1037 740 socii

67 769 280 841 pemranerent.
313 761 500 823 Philocrates
520 767 551 821 et
569 762 758 840 Astymedes
778 763 934 839 principes
954 765 1037 839 lega·

66 845 148 909 nonis
169 855 266 908 erant.
287 853 406 921 partem
425 860 494 906 cum
514 844 686 907 Philocrate
705 847 880 908 renuntiare
893 847 1037 908 Rhodum

66 932 238 1006 legationem
253 928 380 1006 placuit,
407 935 524 1005 partem
544 943 617 992 cum
634 930 805 1007 Astymede
825 932 942 992 Romae
963 930 1037 992 sub-

66 1015 180 1088 sistere,
202 1030 285 1091 quae
300 1029 379 1089 quae
394 1021 557 1088 agerentur
570 1013 663 1074 sciret
677 1013 885 1091 certioresque
900 1031 976 1076 suos
992 1016 1036 1076 ia-

7 1111 8 1114 ’
66 1105 147 1160 aeret
165 1100 196 1159 in
210 1098 389 1175 praesentia
403 1096 559 1173 praesidia
573 1097 729 1157 deducere
743 1104 814 1158 ante
827 1104 940 1158 certam
956 1099 1037 1157 diem

7 1219 9 1246 t
65 1197 99 1242 ex
115 1182 210 1262 Lycia
232 1181 382 1258 Cariaque
402 1181 560 1243 iusserunt
580 1181 763 1255 praelectus.
792 1180 872 1242 haec
893 1181 1037 1242 Rhodum

64 1265 201 1328 nuntiata.
226 1281 306 1342 quae
326 1281 382 1340 per
403 1281 438 1325 se
458 1265 555 1326 tristia
571 1264 715 1338 tuissent,
738 1265 811 1339 quia
827 1265 952 1325 maioris
967 1264 1037 1324 mali

7 1361 8 1374 ³
65 1349 172 1411 levatus
188 1357 254 1410 erat
269 1349 367 1422 timor,
383 1364 452 1408 cum
463 1349 577 1409 bellum
590 1348 770 1421 timuissent,
784 1348 816 1409 in
831 1348 976 1423 gaudium
989 1363 1037 1408 re-

7 1459 9 1506 t
65 1435 191 1496 nuntiata
212 1439 378 1496 verterunt
399 1432 504 1507 itaque
526 1433 680 1508 extemplo
702 1447 849 1494 coronam
864 1431 968 1509 viginti
982 1433 1036 1492 mi·

7 1507 9 1578 ἓ
64 1515 1037 1592 liumaurcorumdecrcverunt.Theaetetumpraelcctumclassis

7 1609 9 1642 ³
65 1599 91 1661 in
111 1617 177 1663 eam
197 1599 383 1678 legationem
403 1600 561 1661 miserunt.
587 1599 765 1661 societatem
780 1602 819 1661 ab
834 1601 981 1662 Romanis
996 1604 1038 1661 ita

64 1685 199 1748 volebant
213 1685 288 1762 peti,
309 1691 345 1745 ut
357 1686 472 1746 nullum
487 1685 527 1744 de
542 1699 580 1744 ea
593 1699 627 1742 re
641 1685 751 1745 scitum
764 1685 871 1760 populi
884 1685 973 1744 fieret
987 1690 1039 1744 aut

57 1767 160 1831 *lituris
171 1769 379 1842 mandaretur,
393 1769 479 1844 quod
490 1766 549 1828 nisi
560 1768 766 1843 impetrarent,
778 1767 876 1827 maior
887 1769 1038 1842 arepulsa

65 1850 225 1926 ignominia
245 1860 338 1914 esset.
368 1851 515 1928 praelecti
536 1851 646 1912 classis
666 1851 698 1911 id
718 1849 809 1912 unius
830 1858 895 1911 erat
914 1849 980 1926 ius,
1005 1857 1038 1910 ut

65 1951 146 2011 agere
167 1938 208 1998 de
229 1952 268 1997 ea
286 1952 320 1996 re
341 1936 408 1996 sine
428 1935 587 2010 rogatione
608 1935 671 1994 ulla
692 1935 809 2010 perlata
829 1939 947 2010 posset.
967 1949 1038 1993 nam

66 2018 101 2078 ita
113 2037 167 2095 per
180 2027 230 2082 tot
243 2036 342 2081 annos
357 2020 388 2080 in
402 2019 535 2081 amicitia
549 2021 678 2093 fuerant,
693 2024 726 2078 ut
739 2018 846 2079 sociali
861 2018 987 2079 loedere
1003 2033 1038 2077 se

66 2118 124 2163 cun
147 2104 298 2167 Romanis
323 2119 386 2165 non
407 2103 570 2179 litigarent,
598 2103 638 2164 ob
665 2103 778 2164 nullam
799 2103 888 2163 aliam
911 2117 1039 2162 causam

67 2203 148 2262 quam
167 2205 209 2249 ue
229 2204 318 2264 spem
337 2187 461 2262 regibus
476 2187 671 2249 absciderent
684 2187 788 2248 auxilii
803 2187 866 2261 sui,
888 2185 991 2263 siquo
1007 2186 1039 2245 id

67 2286 137 2346 opus
157 2281 252 2347 esset,
275 2287 335 2332 neu
356 2271 415 2332 sibi
435 2270 512 2346 ipsis
534 2272 650 2334 tructus
669 2287 708 2332 ex
728 2271 914 2346 benignitate
930 2278 961 2332 et
977 2272 1037 2330 ior-

67 2362 130 2415 tuna
151 2373 261 2418 eornm
286 2353 486 2431 percipiendi.
519 2361 593 2416 tunc
616 2357 721 2431 utique
746 2355 878 2430 petenda
902 2354 1037 2414 societas

67 2438 234 2515 videbatur,
255 2456 322 2520 ‘non
344 2455 425 2514 quae
445 2436 574 2500 tutiores
597 2455 653 2500 eos
674 2438 713 2498 ab
734 2438 801 2498 aliis
823 2441 953 2507 iaceret;
980 2452 1038 2497 nec

67 2523 137 2583 enim
155 2523 306 2586 timebant
329 2537 512 2598 quemquam
538 2531 661 2599 praeter
679 2523 853 2595 Romanos,
878 2521 936 2580 sed
958 2536 1038 2594 quae

67 2603 135 2680 ipsis
153 2608 304 2670 Romanis
325 2606 425 2667 minus
447 2613 622 2682 suspectos.
649 2604 708 2665 sub
728 2602 811 2664 idem
833 2605 897 2664 lere
916 2610 1037 2678 tempus

68 2696 94 2750 et
117 2690 224 2754 Caunii
245 2691 405 2752 descivere
436 2689 474 2750 ab
499 2690 564 2763 his,
595 2695 626 2750 et
650 2687 845 2766 Mylasenses
870 2687 1038 2747 Euromen-

69 2773 138 2834 sium
162 2774 281 2852 oppida
305 2780 505 2850 occuparunt.
539 2788 601 2833 non
622 2773 664 2833 ita
685 2771 771 2831 fracti
793 2771 885 2831 animi
908 2770 1038 2832 civitatis

68 2865 158 2933 mant,
180 2867 299 2920 utnon
321 2857 484 2933 sentirent,
505 2857 532 2918 si
548 2857 645 2936 Lycia
666 2863 696 2916 et
711 2855 798 2916 Caria
819 2855 979 2930 ademptae
1000 2856 1038 2915 ab

68 2937 205 3005 Romanis
221 2944 335 3015 forent,
358 2949 461 3004 cetera
475 2948 527 3002 aut
541 2957 576 3001 se
590 2941 659 3017 ipsa
673 2956 732 3016 per
746 2939 950 3002 delectionem
963 2939 1038 3000 libe-

67 3034 159 3087 rarent
185 3036 239 3089 aut
266 3043 285 3087 a
311 3025 445 3088 finitimis
466 3032 706 3101 occuparentur,
732 3025 845 3086 includi
864 3041 900 3086 se
920 3024 1040 3084 insulae

68 3121 175 3181 parvae
198 3119 228 3171 et
248 3109 360 3172 sterilis
381 3111 446 3185 agri
465 3109 632 3184 littoribus,
654 3123 734 3185 quae
749 3124 943 3184 nequaquam
958 3113 1041 3167 alere

69 3195 160 3254 antae
187 3195 272 3256 urbis
307 3195 456 3270 populum
485 3201 602 3268 posset.
643 3192 740 3254 missa
767 3191 858 3267 igitur
885 3193 1041 3250 iuventute

69 3289 192 3353 propere
209 3285 240 3340 ct
257 3279 404 3353 Caunios,
429 3293 615 3354 quamquam
635 3277 846 3356 Cibyratarum
868 3273 1043 3334 asciverant

73 3361 189 3438 auxilia,
215 3368 384 3438 coegerunt
396 3361 524 3436 imperio
544 3369 670 3437 pareret
701 3369 731 3421 et
751 3359 948 3437 Mylasenses
968 3356 1041 3414 Ala-

72 3438 301 3524 bandenosque,
328 3446 382 3524 qui
403 3446 638 3507 Euromensium
655 3443 843 3520 provinciam
865 3441 1040 3514 ademptum
