2364 3862
201 190 316 250 LIBER
330 190 433 249 XLIV.
458 190 540 249 CAP.
552 197 652 252 tici.
675 191 711 270 [a.
727 195 759 250 C.
776 193 836 270 tes]
941 191 1004 255 ito

35 345 110 406 uiuis
124 343 240 416 Latini,
267 344 514 418 pepuleruntque
528 345 649 405 laevum
665 361 772 406 cornu.
794 346 825 406 in
838 347 939 408 medio
954 365 1003 409 se·

37 430 124 490 conda
145 428 229 502 legio
249 425 389 486 immissa
410 426 573 501 dissipavit
593 427 786 504 phalangem.
814 445 916 506 neque
940 434 1003 493 ulla

37 511 195 572 evidentior
216 526 312 571 causa
324 509 470 570 νιιιοιιιι
485 509 549 582 icit,
574 527 665 587 quam
681 512 766 588 quod
779 515 873 574 multa
886 515 1004 589 passim

35 595 139 670 proelia
155 602 258 667 erant,
282 609 360 668 quae
374 592 569 654 fluctuantem
583 595 743 656 turbarunt
756 597 870 672 primo,
891 598 1004 658 deiude

34 679 212 740 disiecerunt
227 676 417 753 phalangem,
434 676 522 738 cuius
533 679 689 740 contortae
700 686 731 740 et
740 679 862 742 intentis
876 681 1003 742 horren·

33 763 63 822 tis
73 763 176 824 hastis
192 760 399 824 intolerabiles
410 761 493 820 uires
507 769 593 824 sunta
611 763 639 823 sl
654 763 782 839 carptim
792 765 1002 839 adgrediendo

33 847 232 921 circumagere
252 845 435 905 immobilem
455 845 645 920 longitudine
665 854 696 907 et
714 848 863 922 gravitate
883 848 1003 910 hastam

35 945 133 1006 cogas,
157 931 288 991 connisa
312 936 396 989 ιιιιιι
416 927 625 1004 implicantur·=
651 929 678 990 si
692 947 766 991 vero
786 939 840 993 ιιιι
853 932 893 993 ab
907 934 1003 994 latero

33 1022 72 1074 aut
82 1015 126 1074 ab
141 1021 230 1088 tergo
245 1013 360 1088 aliquid
375 1013 521 1074 tumultus
535 1013 697 1089 increpuit,
710 1015 817 1075 ιιιιιιιι
831 1016 924 1077 modo
939 1023 1001 1077 ιιιι-

32 1097 140 1170 bantur,
157 1097 238 1157 siout
251 1105 313 1158 tum
329 1096 481 1156 adversus
497 1096 672 1158 catervatim
687 1097 879 1160 incurrentes
890 1100 999 1160 Roma

2 1233 3 1236 ,
31 1197 87 1252 ιιι,
104 1183 316 1255 etinterrupta
325 1179 517 1240 ιιιιιιιιιιιιιιιι
529 1182 605 1257 acie,
617 1182 738 1241 obviam
749 1180 793 1242 ire
804 1181 1002 1257 cogebantur.

30 1271 55 1324 ct
65 1262 205 1338 Romani,
222 1279 417 1340 quacumque
427 1264 499 1325 data
509 1263 668 1324 intervalla
678 1273 792 1339 essent,
808 1263 1005 1326 insinuabant

31 1348 148 1409 ordines
170 1363 256 1409 suos.
283 1348 335 1424 qui
355 1349 383 1408 si
402 1348 548 1408 universa
565 1345 634 1408 acia
653 1347 684 1408 in
706 1350 837 1410 irontem
851 1348 1002 1410 adversus

30 1429 199 1494 hsuuctam
214 1431 396 1508 phalangem
411 1432 652 1503 concurrissent,
675 1434 760 1514 quod
773 1433 905 1508 Pelignis
920 1433 1002 1509 prin·

30 1517 104 1592 cipio
125 1531 249 1592 pugnae
270 1515 390 1576 incaute
407 1517 584 1592 congressis
599 1516 750 1578 adversus
765 1523 916 1579 caetratos
931 1533 1002 1578 eve·

30 1601 70 1672 nit,
84 1600 260 1660 induissent
270 1596 306 1658 se
316 1599 413 1660 hastis
425 1615 483 1659 nec
494 1600 660 1660 consertum
668 1601 765 1661 aciem
772 1601 1002 1663 sustinuissent.

29 1683 110 1744 lttll.
133 1691 267 1744 ceterum
288 1682 368 1742 siout
382 1683 517 1758 peditum
531 1684 648 1759 passim
663 1685 776 1744 caedes
790 1685 920 1756 fiebant,
943 1683 1002 1744 nisi

2 1821 3 1846 ,
30 1768 74 1842 qni
96 1766 223 1827 abiectis
245 1765 338 1826 armis
353 1766 509 1841 sugerunt,
530 1766 576 1827 sic
596 1767 749 1842 equitatus
772 1782 870 1842 ριορι
884 1768 1003 1840 integer

2 1867 128 1926 pugna
144 1850 288 1911 excessit.
305 1851 450 1925 princeps
461 1851 553 1926 fugae
564 1865 620 1910 rex
630 1850 780 1924 ipseerat
796 1851 854 1910 iam
867 1850 1003 1924 aryom

2 1940 3 1972 l
28 1949 90 1994 cum
111 1933 209 1995 sacris
230 1935 288 1994 alis
309 1934 446 2008 equitum
464 1932 578 1994 Pellam
599 1933 739 2009 petebat,
764 1933 925 1994 confestim
946 1947 1003 1993 eos

2 2009 116 2096 Cotys
131 2018 328 2094 sequebatur
336 2016 590 2094 Odrysarumque
603 2017 767 2092 equitatus.
792 2024 911 2078 ceterae
926 2031 1002 2092 quo·

2 2158 3 2174 ,
2 2114 83 2175 quc
96 2101 301 2162 Macedonum
315 2101 383 2162 alae
397 2102 525 2176 integris
538 2101 664 2161 abibant
677 2100 846 2174 ordinibus,
871 2101 943 2175 quia
957 2101 1002 2160 in·

2 2177 3 2252 ι
29 2186 144 2246 briseta
159 2186 297 2260 pediturn
311 2185 406 2260 acies,
421 2185 509 2246 cuius
525 2185 638 2245 caedes
654 2183 786 2246 victores
801 2181 932 2258 tenebat,
947 2185 1002 2244 im·

2 2307 3 2349 3
28 2283 172 2330 memores
188 2270 303 2330 lecerat
324 2269 476 2343 sequendi
490 2267 621 2342 equites.
643 2268 695 2329 diu
710 2269 845 2344 phalanx
859 2285 878 2328 a
893 2269 1002 2342 iroute,

2 2353 3 2432 ξ
28 2353 207 2426 alcior-ibae,
229 2353 269 2412 ab
282 2360 368 2428 tergo
386 2367 479 2414 caesa
492 2359 549 2412 est.
572 2359 729 2427 postremo
747 2353 799 2428 qui
814 2369 853 2412 cx
868 2351 1002 2413 hostium

2 2465 3 2514 3
27 2436 158 2498 manibus
175 2437 274 2512 elapsi
289 2445 383 2510 eram,
399 2437 532 2496 inermes
548 2437 588 2495 ad
602 2451 687 2495 mare
702 2436 861 2510 lugientes,
878 2435 1003 2508 quidam

28 2535 129 2594 aquarn
152 2521 245 2581 etiam
265 2519 413 2594 ingressi,
435 2535 545 2580 manus
558 2521 599 2578 ιιι
617 2535 672 2579 eos
689 2519 741 2594 qui
755 2519 786 2579 in
802 2519 904 2578 classe
916 2525 1004 2577 erant

2 2609 3 2660 ι
2 2603 189 2679 tendentes,
204 2603 386 2680 suppliciter
396 2604 489 2663 vitam
499 2603 637 2664 orabant
660 2608 691 2662 ot
701 2617 771 2660 cum
782 2600 917 2676 scaphas
929 2615 1002 2660 con·

2 2695 143 2747 comere
163 2688 302 2787 undique
323 2688 362 2748 ab
388 2687 519 2747 navibus
540 2691 714 2760 cernerent,
739 2685 779 2744 ad
799 2683 1002 2759 excipiendos

2 2749 3 2816 l
2 2783 90 2828 sese
102 2772 210 2831 ιιιιιιιι
223 2770 290 2846 rati,
307 2777 340 2831 ut
355 2777 501 2846 caperent
512 2770 615 2846 potius
632 2785 724 2845 quarn
735 2767 920 2839 occiderent
936 2768 1002 2827 lon·
1066 2765 1078 2776 '

2 2839 86 2924 gius
107 2855 140 2914 in
162 2869 291 2930 aquam,
312 2854 436 2930 quidam
457 2855 548 2914 etiam
567 2860 722 2926 ιιιιιιιιιι,
744 2849 905 2928 progressi
921 2856 1001 2912 sunt.

2 2936 76 2996 sed
94 2953 166 2999 ιιιιιι
181 2938 333 3000 hostiliter
348 2955 366 2998 e
380 2938 506 3013 scaphis
522 2939 731 3011 caederentur,
750 2942 831 2996 retro
848 2937 899 3013 qui
914 2942 1002 3011 pote·

2 3025 84 3082 rant
102 3023 208 3083 nando
230 3029 405 3097 repetentes
420 3030 533 3082 terram
547 3020 578 3080 in
593 3021 683 3081 aliam
698 3019 867 3081 foediorem
883 3027 1002 3096 pestem

28 3099 208 3166 incidebant·
237 3105 393 3180 elephanti
416 3106 497 3166 enirn
517 3103 556 3165 ab
576 3103 750 3166 rectoribus
771 3104 812 3164 ad
836 3105 919 3166 littus
941 3103 1003 3164 acti

30 3195 168 3250 exeuntes
201 3189 383 3251 obterebant
413 3189 639 3284 elidebantque.
678 3189 767 3248 icelle
800 3188 1014 3248 conveniebat·

28 3265 165 3334 Romanis
187 3289 355 3349 nurnquam
381 3289 444 3334 una
464 3271 530 3332 acie
551 3279 666 3332 tanturn
684 3270 889 3331 Macedonum
909 3271 1001 3329 inter-

29 3347 140 3414 lectum
159 3371 252 3416 caesa
265 3356 347 3417 eninr
361 3357 402 3417 ad
415 3354 522 3452 viginti
537 3355 620 3415 milia
629 3354 786 3414 hominum
796 3359 876 3426 sunt,
892 3351 932 3411 ad
944 3365 1001 3410 sex

28 3431 108 3512 uita,
125 3441 178 3515 qui
192 3440 333 3519 Pydnam
348 3455 387 3500 ex
399 3437 466 3500 acie
477 3440 683 3514 perfugerant,
700 3437 761 3498 vivi
773 3436 803 3494 in
816 3439 1000 3510 potestatem
