2328 3870
159 239 220 303 142
251 273 255 282 ·
360 237 573 299 treunxun.
597 237 941 318 taruannense]

157 390 281 468 populis
295 389 390 451 Asiae
408 421 445 434 -
463 404 533 448 nam
553 403 591 449 eo
608 404 733 464 quoque
748 389 806 449 iam
822 390 910 450 lavor
923 386 1029 450 Persei
1046 405 1140 466 vene¹

156 482 249 535 rat-
274 475 442 534 orationem
462 472 583 546 habuit,
612 479 746 534 ceterum
768 471 898 533 invisam
913 472 1034 532 senatui
1050 473 1130 535 inuti

158 560 277 635 'amque
292 555 352 618 sibi
366 565 395 616 et
409 555 521 618 civitati
536 571 620 616 suae.
648 556 775 618 Eumeni
789 571 864 617 vcro
880 554 1071 631 conspiratio
1088 559 1138 618 ad.

156 658 267 702 versus
287 656 358 701 eum
378 640 515 701 lavarem
531 640 615 714 apud
629 640 785 700 Romanos
807 639 886 700 lecit
914 640 956 701 ita
978 655 1092 701 omnes
1122 665 1141 722 a

156 726 290 787 honores
305 724 408 799 habiti,
423 723 567 799 donaque
582 739 673 799 quam
686 723 875 800 amplissima
889 723 960 784 data
976 739 1048 784 cum
1062 727 1139 785 seli

156 808 254 869 curuli
268 815 360 884 atque
376 807 511 869 eburneo
526 807 674 884 scipione.

238 892 305 952 XV.
331 891 549 966 Legationibus
570 890 707 952 dimissis
734 906 802 951 cum
822 889 992 966 Harpalus,
1024 907 1131 967 quau

155 976 289 1037 maxima
304 975 456 1037 celeritate
469 981 598 1052 poterat,
612 989 776 1049 regressus
790 973 821 1034 in
832 971 1052 1034 Macedoniam
1062 991 1128 1035 nun

154 1061 263 1122 tiasset
275 1059 341 1135 regi
357 1058 491 1118 noudum
506 1056 629 1134 quidem
643 1065 785 1134 parantes
797 1057 911 1117 bellum
924 1057 1097 1132 reliquisse
1124 1095 1125 1098 =

154 1145 320 1218 Romanos,
336 1143 393 1204 sed
408 1143 449 1202 ita
462 1142 602 1217 infestos,
616 1147 651 1201 nt
664 1142 753 1202 laoile
769 1147 935 1216 appareret
948 1157 1010 1201 non
1028 1140 1128 1202 ditatu

153 1245 224 1300 ros,
248 1227 374 1303 etipse,
398 1233 612 1302 praeterquam
633 1225 717 1301 quod
732 1225 818 1286 etita
833 1224 978 1284 credebat
992 1225 1041 1284 lut
1121 1250 1126 1276 ι

154 1313 214 1372 iam
241 1311 331 1372 etiam
358 1311 496 1384 volebat,
529 1309 560 1368 in
589 1307 667 1369 ilore
693 1306 803 1367 virium
830 1323 865 1366 sc
892 1307 1027 1368 credens
1056 1325 1125 1368 ess

154 1394 282 1455 Eumeni
302 1399 372 1453 ante
393 1407 499 1452 omnes
520 1393 650 1452 infestus
672 1399 752 1463 crat;
777 1407 796 1450 a
817 1390 905 1450 cuius
921 1393 1079 1466 sanguine
1095 1408 1128 1452 or

155 1478 244 1537 diens
258 1476 386 1548 bellum,
409 1474 584 1536 Euandrum
600 1473 792 1548 cretensem,
814 1473 925 1535 ducem
940 1474 1130 1536 auxiliorum

154 1568 183 1621 et
197 1558 385 1618 Macedonas
405 1566 467 1618 tres
490 1558 636 1618 adsuetos
655 1557 830 1619 ministeriis
845 1557 947 1617 talium
965 1559 1073 1620 iacino
1121 1583 1131 1610 u

153 1642 193 1703 ad
215 1643 340 1702 caedem
361 1642 443 1718 regis
465 1642 628 1717 subornat,
649 1642 825 1718 litterasque
847 1641 893 1701 eis
915 1641 967 1703 dat
980 1641 1021 1701 ad
1036 1641 1131 1703 Pnax

153 1725 322 1802 hospitam,
350 1725 520 1802 principem
549 1726 727 1786 auctoritate
749 1732 779 1786 et
800 1724 912 1800 opibus
933 1724 1125 1800 Delphoru

153 1811 228 1872 satis
250 1809 411 1871 constabat
430 1810 605 1884 Eumenem,
632 1815 666 1870 ut
686 1809 875 1870 sacrificaret
888 1807 1045 1883 Apollini,
1071 1809 1130 1868 Del

153 1894 233 1970 phos
249 1909 458 1955 escensurum.
481 1890 657 1970 praegressi
680 1909 748 1954 eum
768 1892 914 1953 Euandro
935 1890 1127 1954 insidiatore

152 1979 225 2038 nihil
247 1978 329 2038 aliud
350 1979 389 2038 ad
410 1978 619 2054 peragendum
633 1978 788 2052 inceptum
804 1992 896 2051 quam
910 1975 970 2036 loci
985 1991 1080 2052 appo
1107 2001 1113 2022 ·

153 2062 285 2135 nitatem,
302 2061 402 2121 omnia
418 2060 656 2135 circumeuntes,
672 2060 869 2135 quaerebant.
893 2059 1119 2120 escendentib

153 2144 192 2204 ad
212 2145 357 2219 templum
384 2159 403 2203 a
424 2142 541 2216 Cirrha,
571 2143 751 2218 priusquam
777 2142 990 2218 perveniretur
1012 2145 1057 2202 ad
1083 2147 1124 2202 ir

153 2225 278 2302 quentin
293 2224 441 2286 aediliciis
456 2228 539 2300 loca,
561 2225 695 2288 maceria
709 2233 775 2288 erat
790 2227 828 2286 ab
842 2228 932 2285 laeva
945 2225 974 2285 in
993 2229 1079 2288 semi
1101 2251 1105 2276 =

152 2309 274 2386 paulum
295 2315 465 2371 exstantem
487 2327 504 2369 a
526 2310 722 2370 lundomento
745 2327 807 2386 qua
827 2308 937 2384 singuli
957 2311 1122 2371 transircn

152 2393 260 2452 dextra
275 2408 347 2467 pars
368 2393 437 2453 labe
457 2396 601 2455 terracin
617 2395 804 2467 aliquantum
820 2393 986 2454 altitudinis
1004 2394 1113 2471 derup

152 2484 225 2537 erat.
255 2484 326 2552 post
346 2479 508 2538 maceriam
528 2494 564 2538 se
585 2477 768 2539 abdiderunt
788 2477 934 2552 gradibus
955 2477 1131 2540 adstructi

150 2568 185 2621 ut
203 2576 242 2621 ex
265 2577 303 2620 ea
323 2563 406 2622 velut
427 2576 551 2630 e.muro
565 2563 625 2622 tela
638 2559 668 2620 in
685 2566 928 2636 praetereuntem
945 2556 1135 2621 coniceren

151 2645 249 2720 primo
275 2661 294 2704 a
321 2645 395 2704 mari
428 2646 613 2706 circumfusa
639 2644 729 2707 turba
756 2645 921 2705 amicorum
948 2659 987 2704 ac
1021 2647 1112 2705 satel

151 2735 212 2787 tum
235 2729 438 2803 procedebat,
459 2728 571 2789 deinde
591 2729 797 2788 extenuabant
810 2727 957 2803 paulatim
971 2729 1122 2802 angusti

152 2825 270 2883 agmen.
292 2812 344 2871 ubi
359 2813 398 2871 ad
414 2827 482 2871 eum
499 2812 599 2871 locum
614 2819 738 2873 ventum
754 2817 811 2885 est,
834 2827 896 2887 qua
911 2809 1046 2886 singulis
1063 2827 1086 2872 e
1122 2837 1128 2866 t

151 2892 223 2951 dum
238 2900 317 2964 erat,
341 2895 457 2968 primus
478 2894 615 2954 semitam
637 2894 798 2970 ingressus
812 2894 977 2955 Pantaleon
992 2894 1123 2955 Aetoli

150 2974 311 3050 princeps,
336 2991 403 3036 cum
426 2993 487 3052 quc
508 2976 663 3038 institutus
684 2978 751 3053 regi
766 2994 867 3038 sermo
883 2984 958 3039 erut.
979 2985 1046 3039 tum
1064 2977 1126 3040 ins

151 3055 286 3118 diatores
301 3060 398 3119 exorti
420 3075 497 3119 saxa
512 3060 572 3121 duo
588 3062 721 3137 ingentia
735 3062 917 3133 devolvunt,
942 3077 1086 3137 quorum
1106 3080 1129 3123 a

149 3146 216 3202 tero
233 3148 325 3218 caput
339 3141 429 3202 ictum
446 3151 493 3204 est
507 3145 581 3219 regi,
597 3147 692 3205 altero
707 3144 871 3216 humerus3
893 3144 1090 3220 sopitusque
1118 3169 1131 3196 ι

150 3227 259 3286 semita
281 3226 411 3300 proclivi
432 3228 490 3287 ruit
510 3227 539 3287 in
564 3229 697 3302 declive,
720 3229 822 3289 multis
841 3243 936 3304 super
951 3228 1094 3304 prolaps

150 3307 208 3367 iam
225 3310 310 3368 saxis
327 3309 492 3385 congestis.
522 3318 552 3371 et
566 3313 659 3372 ceteri
676 3310 800 3386 quidem
815 3312 904 3373 etiam
920 3311 1106 3374 amicorum
1131 3312 1135 3323 '

150 3390 322 3466 satellitum,
344 3402 506 3468 postquam
522 3396 681 3454 cadentem
695 3394 810 3470 videre,
826 3394 1003 3471 diffugiuna
1024 3393 1105 3457 Pan

151 3474 219 3533 leon
234 3471 409 3536 constanter
422 3477 596 3552 impavidus
607 3479 718 3539 mansit
731 3479 771 3539 ad
783 3480 1005 3555 protegendum
1015 3492 1111 3555 rege
1122 3509 1139 3534 n
