2364 3862
188 175 303 235 LIBER
314 175 418 234 XLIV.
442 176 524 235 cAP.
535 185 579 238 23.
591 186 635 238 24.
648 188 693 238 Ab.
716 184 752 251 [a.
764 183 797 238 C.
812 185 872 252 168]
965 177 1027 242 231

51 333 187 401 venerat,
207 327 449 400 auctoribusque
462 326 582 386 Dinone
596 333 628 386 et
639 324 818 402 Polyarato,
842 327 1030 404 principibus

49 411 177 472 civitatis
192 411 269 483 eius,
284 409 468 470 adfirmabat
480 409 619 471 Rhodios
633 416 757 484 paratos
769 411 810 470 ad
821 410 934 472 bellum
948 427 1028 474 esse.

51 494 74 554 is
88 494 235 570 princeps
250 495 374 554 iunctae
389 508 458 552 eum
473 492 584 570 Illyriis
597 493 758 568 legationis
773 493 863 554 datus
878 502 934 554 est.

123 577 233 637 XXIV.
254 577 373 638 Eodem
386 585 523 652 tempore
533 576 575 635 ad
583 576 740 638 Eumenen
753 576 833 637 etad
846 577 1030 639 Antiochum

49 661 220 722 communia
228 660 381 732 mandata,
395 675 475 735 quae
486 660 628 720 subicere
635 660 776 721 condicio
787 676 889 721 rerum
901 667 1031 738 poterat

52 751 153 805 natura
167 744 292 804 inimica
306 744 385 804 inter
403 759 439 804 se
461 759 533 804 esse
551 742 678 803 liberam
701 743 852 806 civitatem
873 753 904 806 et
917 761 1031 820 regent.

49 827 183 902 singulos
199 827 349 902 populum
371 827 542 886 Romanum
560 827 703 901 adgredi,
724 834 755 887 et
771 828 856 902 quod
876 828 1030 903 indignius

48 911 97 984 sit,
121 926 232 986 regum
256 909 374 970 viribus
404 925 496 984 reges
526 925 716 984 oppugnare.
760 911 862 971 Attalo
891 910 1031 975 adiutore

1 1001 2 1008 ’
47 999 162 1069 patrem
174 1011 267 1056 suum
282 1008 484 1068 oppressum
507 993 644 1053 Eumene
663 993 827 1053 adiuvante
846 1001 877 1054 et
898 997 1031 1070 quadam

1 1081 2 1168 l
46 1083 183 1154 exparte
199 1077 436 1152 etiamPhilippo
449 1084 599 1151 patresuo
607 1075 792 1137 Antiochum
803 1087 1030 1152 oppugnatum

1 1171 2 1214 ;
46 1159 123 1222 inse
137 1177 224 1221 nunc
238 1167 268 1222 et
281 1161 438 1220 Eumenen
459 1167 490 1219 et
502 1159 629 1220 Prusian
650 1167 785 1221 armatos
803 1175 884 1221 esse.
921 1162 948 1222 si
967 1161 1032 1222 lda-

1 1249 2 1274 ³
45 1244 195 1305 aedoniae
208 1260 340 1318 regnum
353 1244 507 1305 sublatum
521 1245 615 1317 leret,
636 1243 807 1318 proximam
826 1244 935 1304 Asiam
950 1260 1030 1318 esse,

1 1355 2 1404 ι
46 1343 134 1401 quam
154 1327 219 1388 iarn
241 1343 281 1387 ex
302 1333 390 1402 parte
404 1327 463 1388 suh
485 1329 590 1403 specie
617 1327 842 1387 liberandarum
867 1328 1030 1389 civitatium

46 1426 129 1472 suam
146 1406 415 1484 iecerint'deinde
430 1410 559 1486 Syriam.
580 1410 666 1479 ,iam
686 1409 823 1471 Prusiam
837 1411 966 1473 Eumeni
975 1412 1030 1473 ho·

1 1507 2 1586 l
45 1511 116 1555 nore
134 1494 298 1570 praeferri,
311 1494 373 1554 iam
386 1494 571 1556 Antiochum
592 1494 738 1554 victorem
753 1495 891 1569 praemio
906 1497 977 1556 belli
991 1497 1031 1556 ab

1 1591 2 1652 t
44 1578 190 1657 Aegypto
206 1578 314 1639 arceri.
350 1577 429 1637 hacc
449 1578 633 1652 cogitantem
652 1579 817 1653 providere
837 1577 975 1652 iubebat,
998 1588 1032 1640 ut

1 1657 2 1738 l
44 1663 155 1722 autad
176 1676 288 1736 paecm
313 1677 420 1722 secum
446 1661 617 1721 laciendum
643 1662 840 1737 compelleret
863 1663 1031 1737 Romanos,

1 1747 2 1820 l
44 1752 94 1806 aut
120 1751 362 1822 perseverantes
390 1744 422 1803 in
450 1745 530 1804 bello
561 1743 674 1805 iniusto
703 1759 882 1805 communes
907 1746 1032 1806 duceret
1062 1741 1068 1750 '

1 1839 3 1863 t
45 1829 179 1890 omnium
202 1843 311 1902 regum
334 1828 452 1889 hostes.
488 1828 527 1887 ad
555 1828 740 1887 Antiochum
756 1834 861 1902 aperta
889 1828 1033 1888 mandata

1 1973 2 1982 ,
45 1920 136 1986 aaut
149 1914 194 1973 ad
202 1911 361 1972 Eumenen
373 1911 571 1987 perspeciem
585 1912 775 1985 captivorum
783 1909 1032 1972 redimendorum

1 1987 3 2090 l
44 1997 156 2058 missus
173 1997 293 2070 legatus
308 2001 388 2056 erata
410 2011 517 2056 venum
538 1995 706 2057 occultiora
727 1993 878 2070 quaedam
899 1994 1028 2070 ageban-

45 2087 97 2153 tur,
115 2095 199 2156 quae
213 2079 245 2139 in
260 2080 437 2155 praesentia
450 2079 583 2140 invisum
596 2078 720 2154 quidem
735 2085 765 2140 et
777 2087 956 2153 suspectum
970 2078 1031 2138 Ro·

47 2166 141 2225 manis
161 2164 322 2224 Eumenen
344 2163 431 2225 falsis
448 2163 640 2239 gravioribus
666 2158 707 2198 **
729 2162 867 2238 proditor
889 2161 970 2222 enim
994 2177 1032 2222 ac

1 2287 2 2304 ι
47 2258 142 2324 prope
162 2248 264 2308 hostis
285 2246 424 2320 babituS,
449 2248 521 2307 dum
542 2245 621 2307 inter
640 2262 676 2307 se
691 2247 753 2307 duo
767 2261 857 2322 reges
872 2251 1031 2322 captantes

1 2315 2 2400 Ῐ
46 2331 151 2392 rmade
164 2339 195 2394 et
209 2331 338 2391 avaritia
350 2339 475 2392 certant.
500 2330 602 2406 Cydas
613 2337 679 2391 erat
690 2329 853 2404 Cretensis,
868 2345 907 2389 ex
918 2328 1031 2391 intimis

1 2433 2 2494 ι
44 2413 199 2476 Eumenis.
227 2415 279 2475 hic
296 2414 384 2490 prius
395 2415 435 2474 ad
447 2413 655 2488 Amphipolim
668 2429 737 2474 cum
746 2413 883 2474 Chimaro
896 2413 1031 2488 quodam

1 2513 2 2564 t
46 2499 188 2574 populari
203 2515 261 2558 suo
277 2496 425 2557 militante
439 2497 524 2572 apud
536 2496 665 2570 Persea,
691 2497 763 2556 inde
782 2504 893 2571 postea
913 2498 952 2557 ad
972 2497 1032 2555 De·

45 2583 222 2642 metriadem
247 2581 343 2641 semel
366 2596 436 2641 cum
456 2580 632 2640 Menecrate
653 2580 801 2656 quodam,
827 2580 935 2640 iterum
962 2594 1031 2637 cum

1 2693 2 2742 t
45 2665 241 2739 Antimacho,
269 2663 364 2740 regiis
392 2665 539 2737 ducibuS,
569 2663 637 2723 sub·
655 2663 732 2737 ipsis
760 2662 921 2722 moenibus
945 2661 1030 2721 urbis

1 2789 2 2824 3
44 2751 215 2809 collocutus
231 2749 340 2808 luerat.
371 2748 549 2823 Hierophon
563 2760 695 2822 quoque,
713 2745 837 2820 quitum
848 2744 963 2805 missus
974 2751 1031 2818 est,

1 2879 2 2886 ,
45 2832 165 2893 duabus
178 2833 220 2892 ad
231 2832 364 2892 eundem
370 2830 528 2892 Eumenen
543 2831 603 2891 iam
614 2837 684 2890 ante
695 2828 897 2906 legationibus
910 2828 1031 2891 iunctus

45 2923 117 2976 erat
141 2932 224 2992 qnae
240 2913 398 2990 colloquia
413 2916 534 2976 occulta
545 2923 576 2975 et
585 2915 753 2989 legationes
765 2912 895 2973 infames
908 2914 1031 2990 quidem

46 3007 138 3075 erant,
150 3001 208 3061 sed
219 2999 404 3075 quidactum
412 3005 505 3072 esset,
518 2998 631 3074 quidve
642 2998 816 3072 interreges
824 3001 1029 3068 convenisset,

47 3081 250 3156 ignorabatur.
277 3098 329 3143 res
350 3089 451 3144 autem
465 3083 507 3142 ita
520 3097 593 3142 sese
606 3081 720 3142 habuit
763 3081 856 3142 XXV.
877 3081 1030 3142 Eumenes

48 3181 144 3242 neque
165 3165 242 3226 lavit
260 3165 409 3227 victoriae
422 3164 544 3239 Persei,
569 3180 671 3241 neque
691 3165 772 3226 bello
794 3180 864 3225 eum
885 3164 1030 3225 invadere

48 3251 145 3313 animo
161 3251 276 3325 habuit,
292 3265 355 3310 non
370 3254 432 3309 tarn
449 3248 521 3324 quia
537 3257 681 3324 paternae
695 3246 773 3308 inter
787 3263 843 3309 eos
857 3246 1030 3307 inimicitiae

50 3344 140 3410 erant,
156 3332 487 3410 quamipsorumodiis
498 3333 577 3392 inter
588 3347 792 3392 seaccensae.
803 3346 865 3390 non
876 3347 914 3390 ea
924 3344 1029 3402 regum

50 3419 220 3492 aemulatio,
241 3426 276 3479 ut
290 3432 392 3492 aequo
408 3415 509 3476 animo
520 3415 635 3475 Persea
647 3422 746 3476 tantm
761 3413 858 3488 apisci
874 3427 951 3487 opes
965 3418 1032 3470 tan-
