2424 3872
204 184 316 246 LIBER
329 186 460 248 llxxul.
483 188 566 248 cap.
582 198 679 284 sam.
701 196 847 266 [acuas]
980 193 1023 260 tr

26 361 28 410 ι
78 335 213 396 memoriae
226 336 399 397 mandatum
412 337 452 398 sit
464 344 526 398 tres
548 337 649 399 claros
670 338 870 414 imperatores
886 357 924 404 eo
943 359 1025 406 anno

80 418 535 496 decessisse‚Philopocmeuern‚
550 420 767 496 Hannibalem,
787 422 820 482 P.
838 423 1027 501 Scipionem.

26 525 28 566 ι
76 502 135 562 adeo
156 503 183 562 in
207 518 306 580 aequo
332 519 401 564 eum
422 505 550 566 duarum
578 504 860 580 potentissimarum
891 513 1026 583 gentium

26 567 29 640 ι
74 586 174 647 summis
188 587 421 663 imperatoribus
435 595 614 664 posuerunt.

26 641 29 734 ι
135 671 178 730 Li.
196 671 246 730 Ad
259 671 398 732 Prusiam
416 687 521 748 regem
535 672 653 748 legatus
668 671 700 732 Τ
714 671 871 748 Quinctius
882 675 1021 738 Flamini-

72 768 116 812 nus
134 755 220 828 venit,
251 771 343 830 quera
367 763 545 832 suspectum
563 755 710 817 Romanis
738 763 768 817 et
777 767 931 852 receptus
952 769 1024 836 post

71 836 152 910 lugam
162 839 302 900 Antiochi
322 839 473 899 Hannibal
496 846 526 899 et
547 839 659 901 bellum
683 835 833 904 adver'sus
855 843 1023 907 Eumenem

26 911 29 1006 ι
69 925 158 978 motum
173 921 311 983 ianiabat
341 923 383 983 ibi
398 939 454 984 seu
469 924 541 999 quia
556 939 574 984 a
588 923 774 986 Flaminino
767 931 843 986 mter
854 935 956 989 cetere
968 929 1021 991 ob-

26 1013 28 1102 ι
69 1003 156 1064 rectum
168 1005 290 1068 Prusiae
305 1013 370 1067 erat
388 1007 541 1066 haurirem
563 1009 696 1068 omnium
719 1008 771 1085 qui
793 1010 930 1072 viverent
946 1013 1021 1074 inie-

26 1079 207 1149 lstissimum
231 1093 349 1167 populo
370 1091 509 1152 Romano
530 1092 612 1167 apud
635 1108 703 1152 eum
725 1108 810 1165 esse,
832 1095 885 1168 qui
906 1097 1021 1170 patrina

26 1127 28 1258 ι
69 1173 273 1248 suaeprimum,
293 1174 405 1235 deiude
433 1174 536 1234 tractis
562 1175 628 1235 eius
658 1174 769 1251 opibus
788 1177 941 1238 Antiocho
956 1180 1022 1254 regi

26 1262 150 1330 auctor
171 1257 241 1318 belli
268 1257 421 1319 adversus
447 1258 595 1334 populum
613 1258 785 1319 Romanum
811 1260 933 1332 luisset;
965 1277 1023 1322 seu

69 1337 121 1410 quia
69 1337 199 1416 qipse
219 1340 362 1416 Prusias,
385 1349 419 1402 ut
437 1341 658 1418 gratificaretur
677 1344 831 1440 praesenti
851 1343 1020 1406 Flaminino

26 1379 28 1476 ι
67 1417 264 1500 Romanisque,
281 1441 386 1501 perse
400 1424 531 1486 necanm
556 1433 607 1487 aut
633 1426 773 1487 tradendi
799 1428 864 1489 cius
890 1428 920 1488 iu
935 1437 1017 1506 pote-

26 1479 28 1686 ι
68 1509 150 1566 statem
162 1509 324 1569 consilium
343 1509 438 1585 cepit,
454 1509 584 1585 aprima
600 1510 754 1587 colloquio
768 1509 928 1572 Flaminini
944 1513 1020 1572 mili-

68 1594 100 1646 tes
112 1594 253 1668 extempio
276 1591 316 1652 ad
332 1591 456 1653 domum
476 1592 655 1655 Hannibalis
676 1595 911 1656 custodiendam
932 1595 1020 1658 missi

26 1667 124 1752 §.suot
148 1690 271 1752 semper
284 1676 375 1736 talem
390 1676 505 1737 exitum
527 1676 606 1738 vitae
627 1692 703 1738 suae
723 1677 874 1740 Hannibal
888 1695 1019 1756 prospe-

26 1741 237 1860 ιιιιιιιιιιιιιο
256 1765 287 1818 et
300 1760 508 1821 Romanorum
528 1759 714 1836 inexpiabile
736 1761 863 1822 odium
855 1779 886 1821 ru
902 1778 937 1824 sc
954 1778 1020 1823 cer-

66 1851 134 1914 nens,
157 1850 184 1902 et
208 1843 284 1903 fidei
308 1859 413 1918 regum
434 1840 508 1903 nihil
530 1858 606 1904 sane
620 1844 774 1904 conlisus.
802 1844 930 1906 Prusiae
944 1861 1022 1904 reru

26 1795 28 2028 ι
66 1917 189 1985 levitatem
203 1926 296 1986 etiam
311 1934 456 2003 expertus
471 1933 550 1986 ιιιι·
578 1925 737 1986 Flaminini
760 1942 884 2002 quoquc
906 1927 1017 1988 ιιιιιιιι-

26 2008 111 2080 ptum
123 2009 198 2070 velut
211 2008 337 2070 fatalem
360 2009 419 2071 sibi
439 2011 608 2070 horruerat.
638 2010 677 2069 ad
700 2009 802 2069 omnia
822 2009 983 2086 undique
975 2027 1019 2070 rn-

26 2083 136 2164 ιιιιιι,
152 2098 181 2152 ut
195 2093 254 2153 iter
268 2108 391 2169 semper
408 2093 535 2169 aliquod
549 2099 765 2191 praeparatum
777 2093 867 2169 iugae
884 2093 1019 2170 haberet,

26 2179 157 2246 septem
173 2176 275 2238 exitus
291 2191 309 2237 c
324 2177 417 2238 domo
433 2177 563 2252 iecerat,
578 2184 609 2237 et
628 2193 666 2238 ex
687 2177 725 2237 iis
748 2178 899 2252 quosdam
915 2180 1018 2239 oecul-

26 2223 28 2368 ι
64 2257 113 2329 tos,
125 2267 159 2318 nc
172 2259 315 2320 custodia
328 2259 530 2336 saepirentur.
559 2262 617 2322 sed
631 2276 724 2337 graie
739 2261 899 2336 imperium
913 2277 1020 2337 regum

26 2334 119 2410 mhrl
131 2341 368 2420 inexploratum
390 2344 472 2419 quod
496 2344 638 2419 vestigari
659 2344 779 2418 nolunt,
796 2345 898 2404 elficit.
925 2346 1017 2406 totius

26 2418 193 2500 {circuitum
207 2428 320 2488 domus
336 2427 377 2488 ita
392 2426 541 2488 custodiis
556 2427 791 2505 complexisuat
801 2433 834 2486 ut
846 2443 934 2488 nemo
947 2427 1018 2488 inde

26 2491 123 2565 lelabl
136 2519 249 2606 posset.
278 2510 443 2584 Hannibal,
469 2517 633 2587 postquam
654 2517 702 2572 cst
725 2511 893 2571 nuntiatum
908 2511 1020 2570 milites

26 2619 27 2654 ι
64 2587 185 2662 aegrosin
200 2594 353 2655 vestibulo
368 2610 454 2669 esse,
476 2595 613 2670 postiae,
637 2593 719 2669 quod
741 2593 864 2653 devium
885 2593 1016 2652 maxime

26 2673 28 2752 ι
65 2675 134 2746 tique
147 2677 343 2738 occultissimi
358 2678 457 2739 exitus
472 2684 551 2752 erat,
568 2677 672 2752 lugere
687 2682 831 2750 conatus,
846 2675 925 2736 ulid
941 2693 1017 2750 quo·

26 2753 28 2838 ι
67 2769 109 2825 que
118 2774 243 2823 occursu
254 2763 378 2823 militum
386 2760 566 2838 obsaeptum
578 2757 676 2822 sensit
687 2765 717 2821 et
728 2759 830 2820 omnia
842 2759 922 2820 circa
935 2761 1015 2821 clau-

26 2841 27 2866 ι
66 2849 90 2895 ta
106 2846 242 2906 custodiis
263 2845 424 2922 dispositis
446 2860 531 2920 esse,
552 2859 705 2906 venenum
726 2843 809 2919 quod
831 2844 925 2904 multo
946 2852 1018 2906 ante

26 2927 27 2980 ἒ
66 2933 253 3001 praeparatum
268 2930 309 2989 ad
327 2930 404 2990 tales
423 2928 556 2990 habebat
577 2943 684 3002 casus,
707 2927 860 3004 poposcit.
887 2928 1014 3004 „libere-

66 3013 132 3067 uus“
146 3011 240 3089 inquit
259 3013 421 3088 „diuturna
442 3029 516 3074 cura
532 3013 679 3088 populum
693 3011 872 3087 Romanum,
890 3013 1014 3088 quando

66 3097 167 3154 mortem
181 3097 263 3158 senis
288 3104 467 3173 exspectare
492 3096 616 3170 longum
638 3104 772 3158 censent.
801 3112 858 3157 uec
874 3112 1015 3172 magnam

67 3183 108 3232 uec
119 3180 335 3240 memorabilem
350 3197 388 3240 ex
403 3180 507 3240 inermi
522 3180 707 3256 proditoque
717 3179 903 3240 Flamininus
917 3181 1013 3240 victo

26 3251 27 3282 ³
67 3251 212 3324 riamieret.
239 3280 341 3326 mores
358 3264 480 3340 quidem
494 3265 601 3339 populi
615 3263 745 3325 Romani
760 3270 903 3339 quantum
918 3271 1014 3323 mum-

26 3340 155 3419 tarint,
174 3350 221 3408 vel
240 3347 290 3410 hic
309 3348 376 3410 dies
398 3353 576 3424 argumento
602 3347 666 3407 erit.
693 3346 800 3408 horum
823 3352 924 3421 patres
937 3344 1015 3418 Pyr

26 3416 190 3506 ιιιιιι,
204 3431 283 3495 hosti
303 3438 433 3509 armato,
450 3431 614 3493 exercitum
638 3431 667 3490 ιιι
690 3428 777 3489 ltalia
796 3426 932 3495 habenti,
948 3431 1014 3484 uta
