2368 3858
152 209 214 272 aco
331 207 446 267 urana
460 207 550 266 xcv.
573 206 656 264 cnr.
670 212 736 267 aa.
753 209 835 278 po.
849 210 949 277 esan

152 378 202 421 ma
216 359 406 436 percontatio
425 358 489 429 luit,
505 373 566 432 qua
580 356 727 417 subactus
742 354 851 416 iniuria
867 361 972 416 contra
985 357 1119 430 populum

150 447 319 506 Romanum
334 443 447 503 bellum
462 449 523 502 tarn
538 441 649 501 infesto
665 440 766 499 animo
789 437 996 512 suscepisset,
1019 455 1076 514 quo
1090 454 1120 499 se

149 542 340 603 regnumque
356 542 447 586 suum
461 526 501 585 ad
516 525 652 585 ultimum
668 521 832 591 discrimen
854 521 1030 582 adduceret
1061 537 1119 582 cun
1170 541 1171 544 ¹

150 627 336 687 responsum
350 607 601 684 exspectantibus
626 605 744 667 cunctis
759 612 871 666 terram
885 605 1007 665 intuens
1022 603 1073 664 diu
1083 611 1119 664 ta·

151 694 227 755 citus
243 694 339 768 fleret,
354 708 475 753 rursum
491 692 600 752 consul
614 689 661 764 „si
672 690 790 751 iuvenis
801 703 928 764 reguum
942 687 1120 763 accepisses,

149 778 248 838 minus
271 777 414 851 equidem
433 774 561 835 mirarer
584 774 745 848 ignorasse
770 778 809 848 te,
839 787 930 848 quam
954 770 1056 846 granu
1079 779 1122 833 aut

150 862 265 922 amicus
280 866 331 918 aut
345 859 484 918 inimicus
500 866 584 918 esset
602 859 736 932 populus
750 857 924 917 Romanum
947 869 1030 916 nunc
1050 869 1122 928 vero,

149 961 218 1005 cum
229 949 259 1004 et
272 944 353 1003 bello
364 942 459 1018 patris
475 942 527 1016 tui,
543 941 627 1017 quod
639 941 798 1001 nobiseum
810 937 916 1014 gessit,
929 939 1121 1010 interfuisses,

149 1035 179 1088 et
195 1026 280 1102 pacis
295 1033 415 1102 postea,
431 1041 522 1101 quam
534 1041 603 1086 cum
615 1040 735 1084 summa
747 1023 810 1084 fide
823 1024 976 1082 adversus
992 1038 1068 1082 eum
1080 1037 1123 1082 co-

151 1110 273 1185 luimus,
289 1110 491 1183 meminisses,
507 1109 591 1185 quod
606 1107 776 1180 consilium,
793 1122 924 1181 quorum
935 1112 966 1166 et
978 1105 1044 1166 vim
1054 1105 1123 1166 belo

149 1201 180 1254 et
194 1195 287 1255 fidem
302 1195 332 1253 iu
351 1209 428 1270 pace
443 1199 589 1268 expertus
604 1206 703 1265 esses,
724 1205 792 1251 cum
810 1189 847 1250 iis
863 1189 918 1250 tibi
931 1189 1048 1250 bellum
1062 1204 1124 1250 esse

150 1295 242 1353 quam
268 1293 377 1353 pacem
402 1279 537 1337 mallel“
577 1290 635 1336 nec
656 1274 860 1349 interrogatus
884 1290 943 1334 nec
968 1281 1124 1334 aecusatus

151 1378 221 1422 cum
234 1362 446 1436 responderet,
464 1367 649 1434 „utcumque
663 1365 764 1418 tamur
777 1358 863 1434 haec,
879 1357 947 1419 sive
958 1373 1065 1418 errore
1077 1356 1124 1416 hu·
1146 1425 1150 1434 ι

149 1461 240 1506 mano
252 1460 309 1504 seu
324 1459 399 1506 casu
411 1459 467 1504 seu
479 1443 663 1504 necessitate
674 1441 853 1515 inciderunt,
869 1442 985 1503 bonum
1001 1440 1126 1502 animun

148 1531 237 1591 habe.
271 1529 433 1590 multorum
453 1542 558 1604 regum
580 1528 763 1604 populorum
788 1525 913 1589 casibus
935 1527 1061 1602 cognita
1078 1544 1125 1604 po
1175 1568 1176 1571 κ

150 1613 212 1689 puli
232 1612 364 1676 Romani
386 1612 545 1674 clementia
566 1629 628 1672 non
648 1614 741 1674 modo
763 1628 850 1688 spem
864 1611 933 1687 tihi,
956 1613 1017 1672 sed
1038 1627 1127 1688 prope

149 1705 261 1758 certam
283 1698 426 1758 fiduciam
441 1699 547 1759 salutis
562 1698 725 1773 praebet.“
759 1697 836 1757 haec
852 1697 970 1756 Graeco
990 1711 1126 1756 sermone

147 1781 277 1843 Perse0=
299 1783 404 1843 Latine
418 1782 532 1842 deinde
546 1783 611 1842 suis
635 1782 835 1856 „exemplum
852 1780 973 1855 insigne
989 1779 1127 1840 cemitis“

146 1865 244 1940 inquit
259 1866 452 1940 „mutationis
458 1881 560 1927 rerum
566 1865 776 1926 humanarum.
791 1863 881 1925 vobis
893 1864 954 1925 hoc
965 1865 1128 1940 praecipue

149 1949 228 2023 dico,
245 1950 382 2011 iuvenes.
419 1949 490 2009 ideo
506 1951 537 2008 iu
551 1948 696 2009 secundis
708 1949 802 2008 rebus
813 1947 887 2007 nihil
898 1949 929 2007 in
946 1963 1126 2023 quemquam

147 2034 281 2106 superbe
296 2048 333 2092 ac
348 2032 496 2108 violenter
512 2035 674 2093 consulere
695 2032 798 2104 decet,
819 2047 876 2090 nec
891 2033 1052 2106 praesenti
1067 2047 1128 2092 cre·

146 2115 220 2173 dere
235 2117 384 2186 fortunae,
407 2131 477 2174 curn
493 2115 566 2190 quid
581 2131 695 2190 vesper
709 2116 786 2176 ierat
799 2114 949 2175 incertum
964 2111 1025 2175 sit'
1038 2117 1067 2175 is
1081 2115 1128 2174 dc

146 2214 228 2257 mum
256 2197 303 2256 vir
325 2197 395 2271 erit,
421 2197 508 2258 cuius
529 2199 660 2259 animum
684 2214 785 2274 neque
805 2214 957 2274 prospera
976 2197 1056 2258 flatu
1077 2212 1129 2258 suo

146 2280 254 2341 efferet
275 2297 332 2340 nec
353 2282 485 2341 adversa
505 2282 678 2356 infringet.“
713 2281 843 2343 consilio
871 2281 999 2342 dimisso
1024 2279 1130 2342 tuendi

147 2379 221 2424 cura
236 2365 318 2440 regis
334 2365 368 2439 Q.
383 2365 472 2426 Aelio
488 2365 656 2425 mandatur.
684 2381 721 2426 eo
738 2364 789 2425 die
804 2372 833 2424 et
846 2364 992 2426 invitatus
1008 2366 1050 2426 ad
1062 2381 1130 2426 con·

146 2450 243 2508 sulem
261 2447 395 2510 Perseus
409 2448 530 2510 elalius
553 2447 651 2510 omnis
665 2449 707 2508 ei
723 2448 823 2509 honos
841 2446 964 2508 habitus
988 2455 1053 2523 est,
1083 2449 1131 2522 qui

145 2531 252 2594 haberi
275 2533 307 2593 iu
329 2534 380 2594 tali
401 2533 523 2594 fortuna
540 2538 670 2607 poterat.
709 2533 863 2593 exercitus
884 2532 998 2592 deinde
1025 2532 1060 2591 in
1088 2531 1130 2590 hi-

147 2618 240 2678 berna
269 2617 415 2679 dimissus
444 2624 500 2678 est.
546 2617 596 2677 IX.
624 2615 788 2677 maximam
821 2620 940 2691 purtem
972 2615 1132 2691 copiarum

144 2702 349 2776 Amphipolis,
364 2701 500 2776 reliquas
515 2701 709 2776 propinquae
726 2700 820 2760 urbes
836 2705 1033 2774 acceperunt.

229 2786 286 2844 Hic
297 2785 368 2845 linis
380 2784 461 2856 belli,
475 2801 545 2846 cum
560 2783 791 2859 quadriennium
798 2779 975 2844 continuum
985 2784 1131 2844 bellatum

145 2875 237 2938 esset,
254 2867 333 2928 inter
346 2869 504 2929 Romanos
519 2883 556 2927 cc
569 2867 681 2927 Persea
694 2867 759 2940 luit,
783 2867 928 2942 idemque
943 2866 1014 2926 linis
1026 2865 1132 2927 incluti

145 2965 202 3024 per
213 2949 357 3025 Europae
378 2952 558 3026 plerumque
578 2957 669 3024 atque
684 2951 789 3011 Asiam
811 2965 934 3011 ornnem
952 2952 1051 3025 regni.
1088 2949 1131 3008 vi-

145 3032 292 3091 cesimum
307 3032 480 3108 ahCarano,
497 3034 548 3108 qui
562 3035 679 3110 primus
694 3034 850 3109 regnabat,
865 3032 981 3094 Persea
990 3049 1131 3094 numera·
1150 3081 1157 3108 ,

144 3115 227 3174 hant.
263 3113 395 3177 Perseus
418 3116 452 3190 Q.
476 3117 583 3178 Fulvio
601 3118 635 3178 L.
656 3117 769 3178 Manlio
797 3117 979 3178 consulibus
1000 3133 1131 3192 regnum

145 3199 279 3273 accepit,
302 3215 320 3258 a
339 3207 449 3260 senatu
467 3216 523 3261 rex
544 3208 593 3262 est
611 3201 785 3277 appellatus
801 3201 843 3264 M.
857 3200 946 3260 Iunio
960 3200 999 3259 A.
1015 3200 1131 3259 Manlio

145 3281 335 3356 consulibus,
349 3283 490 3358 regnavit
500 3283 641 3345 undecim
653 3300 761 3344 annos.
782 3284 987 3345 Macedonum
1000 3298 1131 3358 regnum

144 3366 278 3426 obscura
299 3367 463 3427 admodum
485 3369 565 3428 lama
583 3383 684 3443 usque
709 3367 750 3428 ad
773 3366 947 3441 Philippum
973 3367 1131 3444 Amyntae

143 3447 238 3507 hlium
260 3449 324 3509 luit.
368 3451 440 3510 inde
464 3467 500 3517 ac
526 3467 582 3526 per
607 3466 677 3510 eum
700 3465 841 3510 crescere
866 3465 938 3509 cum
963 3449 1131 3524 coepisset,
