2364 3862
155 223 218 291 rte
327 224 442 286 LIBER
455 225 543 285 XLu.
566 225 650 284 cnr.
666 231 708 287 eo.
721 233 765 288 er.
788 230 825 298 [ι.
839 229 873 283 υ.
886 246 910 283 a.
922 229 986 297 aar]

156 380 277 458 generis
291 379 377 440 luere
391 411 427 427 -κ
442 378 545 439 divisit
555 379 595 437 ad
606 377 791 453 epulandum
805 376 961 438 militibus.
975 377 1067 436 LVII.
1078 378 1131 439 sub

156 466 237 525 idern
253 462 366 524 deiude
381 469 502 536 tempus
514 461 675 524 eonsilium
688 468 718 520 et
728 461 838 522 consul
850 469 946 522 atrax
957 461 1128 536 habuerunt,

156 549 238 609 unde
253 548 367 607 bellurn
382 545 565 607 ordirentur.
587 547 669 619 regis
688 554 849 607 creverunt
862 543 955 604 animi
967 545 1130 606 vastatione

158 645 309 693 concessa
324 630 382 690 sibl
397 629 436 688 ab
451 629 540 690 hoste
555 629 681 688 Pheraei
696 629 778 705 agria
797 629 901 704 itaque
916 628 1053 690 eundum
1066 628 1129 688 inde

156 715 197 776 ad
217 722 321 778 cestra
338 729 398 773 uec
411 714 547 773 dandum
561 713 641 774 uiua
656 712 789 788 spatium
804 711 966 773 eumtandi
979 712 1127 772 censebat

157 807 187 859 et
200 794 331 859 Romani
352 796 520 858 censebant
541 795 766 857 cunctationem
785 811 875 856 suam
894 794 1039 856 mamam
1052 796 1128 870 apud

158 883 261 945 socios
277 895 358 954 asse,
373 879 583 955 maximopere
596 879 721 954 indigne
736 881 868 940 terentes
879 895 942 940 non
957 878 1127 938 lataruPhe

156 965 237 1025 raeis
253 979 353 1040 opem.
375 964 633 1037 consultantibus,
654 964 729 1039 quid
744 971 870 1038 agerent
882 961 1068 1024 -aderant
1080 979 1127 1022 au·

157 1054 217 1108 tem
236 1049 389 1108 Eumenes
410 1055 441 1108 et
454 1048 575 1110 Attalns
597 1047 628 1107 in
650 1047 778 1108 consilio
791 1079 835 1096 ....
849 1047 988 1121 trepidus
1010 1046 1127 1107 nuntius

158 1133 257 1192 adieri
280 1131 400 1194 hostem
424 1147 535 1208 magno
561 1130 681 1206 agmine
702 1131 824 1194 edesse.
854 1129 983 1191 consilio
1007 1129 1126 1190 dimisso

157 1217 278 1292 signum
293 1217 447 1292 extemplo
469 1216 573 1292 datur,
593 1222 627 1275 ut
641 1231 725 1275 arma
740 1214 871 1291 capiant.
899 1212 1019 1278 inerim
1034 1214 1126 1290 placet

157 1317 196 1360 ex
210 1301 303 1376 regiis
317 1299 439 1362 auxiliis
454 1306 575 1361 centum
589 1298 709 1373 equites
722 1307 754 1360 et
764 1313 870 1374 parem
880 1313 1040 1359 numerum
1051 1297 1126 1358 iactr

155 1385 284 1444 latorum
306 1383 441 1457 peditum
461 1385 556 1446 exire.
584 1379 716 1444 Perseus
735 1382 811 1443 hora
832 1383 926 1442 lame
941 1381 1002 1442 diei
1017 1389 1127 1458 quarta,

156 1482 225 1526 cunr
245 1467 338 1541 paulo
360 1469 430 1540 pius
452 1467 533 1528 mille
552 1482 666 1542 passus
682 1466 806 1527 abesset
820 1481 838 1524 a
853 1465 962 1526 casule
976 1465 1126 1538 Romanu,

156 1550 326 1609 consistere
346 1550 435 1624 signa
454 1550 593 1625 peditum
612 1549 710 1611 iussit.
747 1565 951 1626 praegressus
971 1550 1042 1625 ipse
1062 1563 1126 1612 cunr

155 1632 310 1709 equitibus
331 1648 368 1694 ac
389 1633 449 1693 lovi
470 1643 638 1707 armatum,
660 1640 692 1693 et
712 1633 808 1713 Cotys
830 1647 899 1694 cum
920 1649 958 1693 eo
974 1633 1126 1709 ducesque

154 1716 282 1778 aliorum
294 1716 477 1778 auxiliorum
489 1725 733 1793 praecesserunt
752 1718 854 1780 minus
866 1717 1049 1794 quingentos
1060 1733 1116 1793 pas

154 1818 209 1861 sus
230 1801 270 1861 ab
291 1801 401 1862 castris
422 1801 563 1876 abarana
584 1816 653 1864 cum
667 1801 697 1862 in
714 1807 884 1877 conspeetu
899 1802 984 1862 luere
998 1800 1126 1862 hostium

153 1886 288 1960 equites=
311 1885 391 1945 duae
406 1887 473 1945 alae
488 1893 575 1946 erent
588 1901 699 1960 inagna
713 1900 752 1945 err
766 1892 854 1961 parte
868 1885 1037 1959 Gallorum,
1057 1883 1128 1945 Oas-

153 1970 290 2044 signatus
305 1977 454 2044 praeerat
470 1978 501 2030 et
514 1971 591 2030 levis
606 1976 777 2030 armaturae
792 1975 911 2029 eentum
927 1970 991 2028 lere
1003 1974 1034 2030 et
1043 1968 1128 2044 quin-

153 2051 298 2128 quaginta
310 2052 391 2129 Mysi
407 2061 460 2114 aut
471 2053 643 2116 Cretenses.
659 2052 793 2114 constitit
803 2069 860 2114 rex
874 2053 1017 2128 incertus,
1034 2067 1129 2128 quan·

151 2143 213 2196 turn
229 2143 314 2197 esset
328 2135 470 2197 hostium.
487 2136 565 2196 duas
577 2139 648 2197 inde
658 2153 701 2197 ex
712 2136 834 2212 eqrnine
844 2142 958 2198 mrmas
969 2136 1127 2211 ituraeam,

152 2219 229 2278 duas
255 2217 458 2280 Macedonum
485 2235 554 2280 cunr
578 2220 658 2280 binis
684 2219 873 2282 cretensium
899 2219 1076 2282 cohortibus
1100 2230 1130 2283 et

149 2302 298 2362 Timacum
318 2302 409 2362 misit.
438 2303 602 2377 proelium,
625 2320 693 2366 eum
708 2319 800 2380 pares
815 2319 943 2366 nurnero
958 2312 1064 2369 essent
1078 2321 1128 2366 ne·

151 2401 211 2461 que
226 2386 265 2444 ab
278 2385 337 2445 hac
353 2393 404 2446 aut
418 2386 469 2446 illa
479 2396 566 2462 parte
575 2404 658 2449 nova
667 2388 781 2449 aruritia
792 2387 999 2460 subvenirent,
1014 2389 1130 2450 incerta

147 2469 276 2530 victoria
300 2469 416 2530 llniturn
442 2477 499 2531 est.
531 2472 675 2533 Eumenis
701 2473 796 2542 terrae
821 2471 944 2549 triginta
968 2472 1129 2549 interlecti,

147 2553 225 2614 inter
240 2570 320 2629 quos
338 2554 537 2630 Cassignatus
552 2557 616 2617 dux
632 2556 786 2618 Gallorum
799 2556 917 2616 cecidit.
934 2564 964 2617 et
977 2562 1051 2620 tuno
1062 2558 1128 2632 qui·

147 2637 217 2698 dem
237 2637 369 2700 Perseus
390 2640 430 2698 ad
453 2638 616 2718 Sycurium
640 2639 748 2716 copias
769 2639 900 2700 reduxit.
928 2647 1056 2714 postero
1080 2639 1129 2700 die

146 2721 228 2781 cirea
242 2723 372 2783 eandem
385 2722 493 2784 horam
507 2724 537 2783 in
549 2724 681 2784 eundern
691 2725 793 2784 locum
804 2740 859 2784 rex
870 2723 979 2798 copias
991 2724 1130 2786 admovit

145 2805 292 2879 plaustris
314 2821 382 2865 eum
402 2821 484 2882 aqua
504 2807 720 2881 sequentibus2
747 2823 817 2867 nam
834 2807 997 2868 duodecim
1012 2808 1128 2868 milium

144 2902 294 2960 passuum
316 2888 365 2948 via
388 2889 488 2950 omnis
509 2889 575 2949 sine
599 2906 680 2965 aqua
699 2898 729 2951 et
751 2891 872 2966 plurimi
891 2888 1030 2966 pulveris
1045 2898 1128 2961 erata
1177 2917 1179 2934 ·

144 2968 346 3046 adfectosque
361 2973 425 3042 siti,
449 2972 481 3032 si.
490 2973 589 3048 primo
605 2973 634 3033 in
650 2982 819 3049 conspectu
834 2974 1050 3048 dimicassent,
1071 2992 1126 3052 pu·
1176 2939 1179 3050 i

143 3060 291 3128 gnaturos
308 3055 407 3114 luisse
422 3057 600 3130 apparebat.
617 3073 686 3118 cum
702 3057 830 3119 Romani
846 3058 1006 3134 quiessent
1018 3059 1126 3120 statio
1176 3053 1178 3136 Ε

142 3137 232 3197 nibus
248 3138 339 3198 etiarn
355 3136 434 3198 intra
448 3140 559 3199 vallum
573 3141 723 3216 reductis,
743 3143 819 3216 regii
836 3157 961 3218 queque
975 3143 1006 3201 in
1024 3151 1126 3203 castra
1176 3139 1178 3220 i

141 3221 279 3281 redeunt.
303 3221 362 3280 hoo
377 3238 433 3296 per
448 3223 565 3299 aliquot
578 3223 645 3285 dies
660 3226 812 3299 lecerunt,
833 3232 995 3302 sperantes
1011 3227 1080 3286 iore
1094 3236 1126 3287 ut

141 3303 269 3365 Romani
290 3307 409 3381 equites
430 3306 605 3368 abeuntium
626 3309 827 3372 nouissimum
845 3323 955 3384 egnren
971 3309 1125 3384 adgrede
1176 3313 1178 3330 ³

139 3395 259 3459 rentum
289 3388 361 3449 inde
388 3391 553 3451 certamine
572 3398 639 3454 orto
662 3388 730 3453 cum
751 3392 873 3466 longius
893 3407 913 3451 a
933 3394 1046 3453 castus
1068 3409 1125 3453 eos

138 3471 329 3547 elicuissent,
351 3475 456 3550 facile,
475 3475 579 3534 ubiubi
595 3482 708 3550 essent,
731 3492 775 3549 se,
797 3476 848 3550 qui
865 3475 1002 3550 equitatu
1017 3490 1049 3539 et
1062 3478 1122 3538 levi
