2328 3870
217 221 624 286 turnacensium.
649 233 730 299 [ac.
745 231 803 306 rsa]
957 230 999 292 os

62 371 108 434 naci
124 374 273 433 certamine
293 381 323 434 et
338 389 492 435 concursu
507 375 616 436 iratum
631 384 661 436 te
678 377 814 454 elllcere,
835 387 868 440 ul
883 381 998 454 merito,

61 459 116 516 sicat
129 458 231 531 fecisti,
252 457 395 518 invitatus
410 459 455 518 ‘ad
478 474 584 519 cenam
605 461 779 520 abnueres?
807 477 874 520 eum
898 469 997 524 autem

10 551 12 570 ¹
59 541 126 600 halus
143 555 300 616 negasses,
321 547 421 602 utrum
441 549 475 602 ιιι
493 544 646 617 placarem
662 551 692 604 te
708 543 810 604 danda
824 559 920 619 opera
935 547 998 622 luit,

57 625 157 683 ntallam
171 639 345 698 quaererem
361 626 565 701 occasionem,
581 625 724 703 quoniam
739 628 835 687 semel
850 643 998 688 venenum

55 721 206 780 paraveram,
221 723 260 766 an
274 707 313 768 ab
326 709 375 768 illo
388 708 517 770 consilio
531 711 613 769 velut
623 709 852 771 transiliendum
863 712 902 772 ad
913 713 999 774 aliud

55 788 101 862 hit,
112 797 139 850 ut
150 792 223 851 lerro
238 797 276 862 te,
293 798 324 850 et
338 793 460 866 quidem
477 807 514 852 eo
529 793 589 864 die,
602 809 658 868 per
673 796 808 868 speciem
824 796 998 857 comisatio-

54 874 88 930 ιιι
99 874 274 934 occiderem?
296 889 356 950 quo
372 876 484 935 deinde
498 876 606 950 modo,
628 877 654 936 si
669 884 699 936 te
712 885 794 938 metu
808 877 916 939 mortis
931 894 997 940 cre·

10 947 12 1014 l
53 955 135 1014 lebam
148 973 249 1016 cenam
264 959 401 1018 evitasse
415 974 530 1031 meam,
549 975 610 1020 non
629 959 667 1018 ab
682 961 792 1020 eodem
807 969 889 1022 melu
904 961 997 1024 eomi-

52 1039 168 1099 sallonem
182 1042 500 1115 quoqneevltnmrum
514 1043 746 1104 existimabam?
771 1045 850 1104 xlv.
873 1061 934 1106 non
950 1054 998 1108 est
1063 1119 1068 1128 ,

51 1135 94 1194 ιιι,
106 1139 157 1198 qun
170 1125 357 1196 erubescam,
374 1133 469 1200 pater,
485 1124 512 1184 si
527 1127 576 1185 die
591 1127 669 1188 lesio
684 1129 763 1186 inter
777 1129 923 1203 aequales
938 1131 996 1190 lnr·

52 1204 113 1277 glore
123 1207 187 1268 vino
202 1223 269 1268 sum
284 1225 369 1268 usus.
399 1218 431 1268 tu
448 1224 573 1283 quoque
586 1210 677 1269 velim
691 1208 844 1284 inquiras,
860 1227 922 1286 qua
934 1215 997 1272 lae·

51 1287 107 1362 litia,
121 1306 174 1365 quo
188 1293 257 1352 lusu
272 1293 355 1368 apud
370 1307 419 1351 me
435 1293 617 1352 celebratum
633 1292 810 1354 hesternum
825 1294 997 1355 convivium

51 1369 85 1444 ιιι
93 1371 134 1433 ιιι
144 1375 381 1450 etiarn—pravo
394 1375 689 1450 forsitan-gaudio
701 1375 900 1453 provehente,
912 1378 997 1454 quod

52 1453 73 1510 ιι
87 1455 199 1518 iuvenali
222 1475 376 1520 armorum
397 1459 562 1520 certamine
582 1475 655 1533 pars
676 1467 783 1522 nostra
796 1476 858 1521 non
871 1462 997 1523 interior

52 1535 129 1598 luerat.
147 1541 267 1602 miseria
278 1543 356 1602 haec
366 1549 397 1602 et
406 1548 503 1603 metus
517 1545 672 1618 crapulam
684 1545 772 1604 lacile
783 1552 996 1620 excluserunt,

53 1635 108 1694 qaae
119 1625 142 1685 si
154 1641 212 1686 non
226 1625 478 1699 intervenissent,
493 1625 688 1687 insidiatores
703 1643 761 1690 nos
776 1629 869 1703 sopiti
882 1629 997 1689 iacere-

52 1717 106 1764 uns.
119 1707 141 1767 si
151 1709 273 1772 domum
284 1714 365 1770 luam
379 1717 621 1790 expugnaturus,
634 1717 724 1786 capta
736 1710 827 1772 domo
840 1712 995 1772 dominum

51 1785 228 1854 interfecturus
244 1809 337 1866 eram,
354 1809 414 1853 non
432 1801 655 1867 temperassem
668 1793 740 1853 vino
754 1794 785 1852 in
798 1809 891 1853 unum
907 1796 996 1868 diem,

51 1884 94 1930 non
104 1876 202 1938 milites
216 1876 435 1938 abstinuissem
446 1882 555 1937 meost
575 1882 607 1936 et
619 1891 658 1934 ne
672 1891 729 1949 ego
744 1891 794 1936 me
808 1877 895 1937 solus
905 1875 998 1935 nimia

52 1952 207 2031 simplicitate
220 1970 318 2036 tuear,
335 1955 404 2036 ipse
419 1975 544 2036 quoque
558 1958 681 2018 minime
690 1960 790 2019 malus
800 1974 838 2018 ac
848 1959 997 2034 suspicax

52 2035 117 2100 irater
134 2044 221 2118 „nihil
243 2044 328 2106 aliud
349 2044 451 2119 scio,“
472 2041 683 2118 lnquit-„nihil
704 2057 814 2117 arguo,
836 2042 894 2103 nisi
914 2044 997 2118 quod

52 2133 99 2181 tum
119 2127 192 2188 ferro
218 2129 400 2189 comisatum
424 2131 604 2188 venerunt“
639 2126 666 2186 si
692 2143 837 2201 quaeram
861 2127 945 2188 unde
966 2127 997 2188 id
1104 2192 1109 2200 ,

51 2201 124 2276 ipsum
141 2211 233 2286 scias,
256 2227 388 2272 necesse
407 2209 464 2270 erit
476 2217 507 2270 te
520 2207 609 2270 lateri
623 2216 676 2271 aut
689 2212 917 2287 speculatorum
930 2218 998 2272 tuo·

50 2299 97 2348 mm
106 2294 357 2366 plenamdoruum
372 2295 469 2354 luisse
480 2309 586 2366 meam,
602 2302 655 2354 aut
664 2294 732 2354 illos
745 2295 786 2354 ita
797 2303 902 2369 aperte
915 2311 998 2356 sum·

52 2372 127 2440 psisse
145 2379 268 2449 terrum,
290 2385 325 2438 ut
345 2393 451 2439 omnes
472 2378 619 2438 viderent.
653 2384 683 2437 et
702 2393 741 2436 ne
762 2378 836 2452 quid
856 2379 926 2453 ipse
946 2386 999 2438 aut

52 2455 113 2524 prius
129 2459 290 2538 inquisisse
311 2471 364 2522 aut
383 2476 463 2522 nunc
484 2460 647 2521 criminose
662 2462 865 2534 argumentari
878 2462 998 2520 videm·

51 2541 124 2612 bule
137 2561 281 2620 quaerere
292 2561 331 2604 ex
343 2547 381 2605 iis
394 2561 473 2619 quos
485 2545 675 2604 nominasset
685 2544 818 2618 iubebat,
833 2559 872 2602 an
884 2545 997 2602 terrum

52 2617 209 2701 habuissent,
230 2635 266 2690 ut
285 2636 439 2704 tamquam
460 2629 490 2688 in
510 2644 545 2688 re
558 2627 668 2699 dubia,
689 2642 758 2686 oum
773 2627 804 2684 id
819 2627 998 2699 quaesisses

53 2708 112 2774 lnod
124 2709 178 2786 ipsi
191 2715 332 2787 latentur,
347 2729 404 2788 pro
416 2711 565 2773 convictis
576 2709 769 2769 haberentur.
794 2707 910 2783 quintu
923 2708 998 2768 illud

53 2792 131 2857 tueri
143 2795 237 2869 iubes,
254 2813 328 2857 num
342 2796 385 2856 tui
399 2794 560 2856 occidendi
571 2807 667 2854 cuasa
677 2793 791 2853 terrum
802 2792 999 2868 sumpserint,

53 2879 103 2931 lm
121 2891 165 2937 me
184 2885 310 2942 auctore
330 2887 361 2939 et
381 2881 519 2940 scienter
545 2877 605 2938 hoc
626 2874 707 2936 enim
725 2875 824 2937 videri
845 2875 907 2950 vis,
936 2892 999 2938 non

54 2947 106 3014 illud
124 2964 199 3036 quod
219 2965 351 3024 latentur
373 2973 403 3023 et
423 2964 523 3037 palam
543 2967 600 3022 est.
629 2967 659 3020 et
673 2959 720 3020 sui
735 2975 770 3021 se
784 2960 888 3021 tuendi
904 2977 1000 3022 eausa

54 3044 192 3115 empsisse
216 3048 330 3108 dicunt
363 3055 446 3107 recte
466 3062 505 3106 an
526 3060 687 3121 perperam
706 3045 848 3118 iecerint,
870 3045 930 3119 ipsi
952 3045 1000 3105 sui

54 3115 253 3190 lacerationem
266 3131 410 3191 reddenm
429 3145 528 3190 meam
543 3144 677 3201 causam,
694 3143 774 3202 quae
785 3127 858 3190 nihil
869 3144 906 3189 eo
920 3129 999 3190 lacto

55 3205 219 3287 arnugum,
240 3230 279 3274 ne
300 3213 470 3274 miscueris.
499 3220 551 3274 aut
571 3213 705 3287 explica,
727 3219 828 3273 utrum
841 3220 946 3287 aperte
961 3228 1000 3270 nn
1087 3245 1090 3252 ·

54 3283 111 3348 illm
128 3300 155 3353 te
173 3298 347 3372 aggressuri
369 3297 524 3358 fuerimus.
558 3296 585 3355 si
600 3303 719 3371 aperte,
742 3311 796 3357 cur
817 3313 878 3357 non
893 3308 999 3355 omnes

56 3364 141 3434 ferrum
158 3378 337 3444 habuimus?
363 3397 419 3440 cur
438 3397 527 3440 nemo
550 3387 673 3456 praeter
687 3395 743 3440 eos
759 3381 812 3455 qui
826 3386 913 3438 tuum
929 3389 999 3470 spe-

56 3453 190 3522 minorem
211 3467 430 3539 pulsavernnla
452 3463 479 3524 si
500 3466 592 3532 clam,
616 3463 685 3536 quis
698 3463 775 3522 ordo
790 3459 910 3520 consilii
925 3459 999 3516 turtt

87 3551 107 3594 r.
120 3555 172 3604 mvi
184 3563 257 3608 anns
272 3549 309 3604 V·
775 3553 791 3603 5
