<?xml version="1.0" encoding="UTF-8"?>
<!DOCTYPE html PUBLIC "-//W3C//DTD XHTML 1.0 Transitional//EN"
    "http://www.w3.org/TR/xhtml1/DTD/xhtml1-transitional.dtd">
<html xmlns="http://www.w3.org/1999/xhtml" xml:lang="en" lang="en">
 <head>
  <title>
</title>
<meta http-equiv="Content-Type" content="text/html;charset=utf-8" />
  <meta name='ocr-system' content='tesseract 3.04.00' />
  <meta name='ocr-capabilities' content='ocr_page ocr_carea ocr_par ocr_line ocrx_word'/>
</head>
<body>
  <div class='ocr_page' id='page_1' title='image "./titiliviaburbec01livygoog_0078.png"; bbox 0 0 2424 3872; ppageno 0'>
   <div class='ocr_carea' id='block_1_1' title="bbox 183 233 1040 309">
    <p class='ocr_par' dir='ltr' id='par_1_1' title="bbox 183 233 1040 309">
     <span class='ocr_line' id='line_1_1' title="bbox 183 233 1040 309; baseline 0.005 -14"><span class='ocrx_word' id='word_1_1' title='bbox 183 237 226 302; x_wconf 81' lang='grc'>50</span> <span class='ocrx_word' id='word_1_2' title='bbox 324 233 440 297; x_wconf 83' lang='lat' dir='ltr'>LIBER</span> <span class='ocrx_word' id='word_1_3' title='bbox 452 235 585 296; x_wconf 84' lang='lat' dir='ltr'>XXXIX.</span> <span class='ocrx_word' id='word_1_4' title='bbox 609 235 691 296; x_wconf 86' lang='lat' dir='ltr'>CAP.</span> <span class='ocrx_word' id='word_1_5' title='bbox 707 243 750 298; x_wconf 78' lang='lat'>54.</span> <span class='ocrx_word' id='word_1_6' title='bbox 762 243 806 298; x_wconf 79' lang='lat'>55.</span> <span class='ocrx_word' id='word_1_7' title='bbox 830 242 867 309; x_wconf 81' lang='grc' dir='ltr'>[ι.</span> <span class='ocrx_word' id='word_1_8' title='bbox 884 240 918 294; x_wconf 90' lang='lat' dir='ltr'>U.</span> <span class='ocrx_word' id='word_1_9' title='bbox 935 259 959 294; x_wconf 88' lang='lat' dir='ltr'>o.</span> <span class='ocrx_word' id='word_1_10' title='bbox 974 239 1040 308; x_wconf 80' lang='lat'><strong>569]</strong></span> 
     </span>
    </p>
   </div>
   <div class='ocr_carea' id='block_1_2' title="bbox 180 385 1178 715">
    <p class='ocr_par' dir='ltr' id='par_1_2' title="bbox 180 385 1178 715">
     <span class='ocr_line' id='line_1_2' title="bbox 264 385 1176 460; baseline -0.001 -13"><span class='ocrx_word' id='word_1_11' title='bbox 264 387 341 448; x_wconf 90' lang='lat' dir='ltr'>LlV.</span> <span class='ocrx_word' id='word_1_12' title='bbox 364 390 441 447; x_wconf 87' lang='lat' dir='ltr'>Dum</span> <span class='ocrx_word' id='word_1_13' title='bbox 458 386 535 446; x_wconf 89' lang='lat' dir='ltr'>haec</span> <span class='ocrx_word' id='word_1_14' title='bbox 550 387 580 445; x_wconf 88' lang='lat' dir='ltr'>in</span> <span class='ocrx_word' id='word_1_15' title='bbox 595 385 776 445; x_wconf 84' lang='lat' dir='ltr'>Macedonia</span> <span class='ocrx_word' id='word_1_16' title='bbox 790 391 953 460; x_wconf 79' lang='lat' dir='ltr'>geruntur,</span> <span class='ocrx_word' id='word_1_17' title='bbox 974 385 1128 446; x_wconf 86' lang='lat' dir='ltr'>consules</span> <span class='ocrx_word' id='word_1_18' title='bbox 1145 385 1176 446; x_wconf 88' lang='lat' dir='ltr'>iu</span> 
     </span>
     <span class='ocr_line' id='line_1_3' title="bbox 181 467 1176 548; baseline -0.002 -16"><span class='ocrx_word' id='word_1_19' title='bbox 181 471 357 548; x_wconf 86' lang='lat' dir='ltr'>provincius</span> <span class='ocrx_word' id='word_1_20' title='bbox 379 470 518 546; x_wconf 86' lang='lat' dir='ltr'>proiecti.</span> <span class='ocrx_word' id='word_1_21' title='bbox 553 469 714 528; x_wconf 83' lang='lat' dir='ltr'>Marcellus</span> <span class='ocrx_word' id='word_1_22' title='bbox 734 468 870 529; x_wconf 91' lang='lat' dir='ltr'>nuntium</span> <span class='ocrx_word' id='word_1_23' title='bbox 892 467 1053 543; x_wconf 78' lang='lat' dir='ltr'>praemisit</span> <span class='ocrx_word' id='word_1_24' title='bbox 1075 469 1119 528; x_wconf 89' lang='lat' dir='ltr'>ad</span> <span class='ocrx_word' id='word_1_25' title='bbox 1141 470 1176 530; x_wconf 76' lang='lat' dir='ltr'>L</span> 
     </span>
     <span class='ocr_line' id='line_1_4' title="bbox 180 552 1178 630; baseline -0.003 -15"><span class='ocrx_word' id='word_1_26' title='bbox 180 555 320 616; x_wconf 84' lang='lat' dir='ltr'>Porcium</span> <span class='ocrx_word' id='word_1_27' title='bbox 338 553 572 630; x_wconf 79' lang='lat' dir='ltr'>proconsulem,</span> <span class='ocrx_word' id='word_1_28' title='bbox 593 560 627 612; x_wconf 87' lang='lat' dir='ltr'>ut</span> <span class='ocrx_word' id='word_1_29' title='bbox 647 553 688 612; x_wconf 91' lang='lat' dir='ltr'>ad</span> <span class='ocrx_word' id='word_1_30' title='bbox 707 567 822 613; x_wconf 89' lang='lat' dir='ltr'>novum</span> <span class='ocrx_word' id='word_1_31' title='bbox 844 552 1002 612; x_wconf 74' lang='lat' dir='ltr'><strong>Gallorum</strong></span> <span class='ocrx_word' id='word_1_32' title='bbox 1018 552 1178 628; x_wconf 90' lang='lat' dir='ltr'>oppidum</span> 
     </span>
     <span class='ocr_line' id='line_1_5' title="bbox 180 634 1174 715; baseline -0.004 -16"><span class='ocrx_word' id='word_1_33' title='bbox 180 639 319 715; x_wconf 79' lang='lat' dir='ltr'>legiones</span> <span class='ocrx_word' id='word_1_34' title='bbox 335 637 521 698; x_wconf 89' lang='lat' dir='ltr'>admoveret.</span> <span class='ocrx_word' id='word_1_35' title='bbox 550 635 724 696; x_wconf 85' lang='lat' dir='ltr'>advenienti</span> <span class='ocrx_word' id='word_1_36' title='bbox 744 635 863 697; x_wconf 84' lang='lat' dir='ltr'>consuli</span> <span class='ocrx_word' id='word_1_37' title='bbox 883 634 962 695; x_wconf 84' lang='lat' dir='ltr'>Galli</span> <span class='ocrx_word' id='word_1_38' title='bbox 985 650 1060 696; x_wconf 89' lang='lat' dir='ltr'>sese</span> <span class='ocrx_word' id='word_1_39' title='bbox 1083 635 1174 696; x_wconf 90' lang='lat' dir='ltr'>dedi·</span> 
     </span>
    </p>
   </div>
   <div class='ocr_carea' id='block_1_3' title="bbox 110 719 1211 3558">
    <p class='ocr_par' dir='ltr' id='par_1_3' title="bbox 110 719 1211 3558">
     <span class='ocr_line' id='line_1_6' title="bbox 182 719 1176 794; baseline -0.003 -12"><span class='ocrx_word' id='word_1_40' title='bbox 182 723 300 782; x_wconf 91' lang='lat' dir='ltr'>derunt.</span> <span class='ocrx_word' id='word_1_41' title='bbox 333 721 495 781; x_wconf 78' lang='lat' dir='ltr'>duodecim</span> <span class='ocrx_word' id='word_1_42' title='bbox 510 719 592 778; x_wconf 85' lang='lat' dir='ltr'>milio</span> <span class='ocrx_word' id='word_1_43' title='bbox 607 727 789 779; x_wconf 87' lang='lat' dir='ltr'>armatorum</span> <span class='ocrx_word' id='word_1_44' title='bbox 809 725 910 779; x_wconf 70' lang='lat' dir='ltr'>orante</span> <span class='ocrx_word' id='word_1_45' title='bbox 927 719 1071 794; x_wconf 76' lang='lat' dir='ltr'>plerique</span> <span class='ocrx_word' id='word_1_46' title='bbox 1087 735 1176 780; x_wconf 84' lang='lat' dir='ltr'>arma</span> 
     </span>
     <span class='ocr_line' id='line_1_7' title="bbox 181 802 1176 881; baseline -0.002 -15"><span class='ocrx_word' id='word_1_47' title='bbox 181 823 219 866; x_wconf 88' lang='lat' dir='ltr'>ex</span> <span class='ocrx_word' id='word_1_48' title='bbox 236 805 317 881; x_wconf 82' lang='lat' dir='ltr'>agris</span> <span class='ocrx_word' id='word_1_49' title='bbox 332 812 420 880; x_wconf 85' lang='lat' dir='ltr'>rapta</span> <span class='ocrx_word' id='word_1_50' title='bbox 439 803 607 862; x_wconf 81' lang='lat' dir='ltr'>habebant:</span> <span class='ocrx_word' id='word_1_51' title='bbox 636 819 674 862; x_wconf 83' lang='lat' dir='ltr'>eo</span> <span class='ocrx_word' id='word_1_52' title='bbox 693 817 786 878; x_wconf 78' lang='lat' dir='ltr'>aegre</span> <span class='ocrx_word' id='word_1_53' title='bbox 805 802 993 878; x_wconf 87' lang='lat' dir='ltr'>potientibus</span> <span class='ocrx_word' id='word_1_54' title='bbox 1009 803 1047 862; x_wconf 90' lang='lat' dir='ltr'>iis</span> <span class='ocrx_word' id='word_1_55' title='bbox 1065 803 1176 864; x_wconf 84' lang='lat' dir='ltr'>adem·</span> 
     </span>
     <span class='ocr_line' id='line_1_8' title="bbox 181 886 1175 965; baseline -0.001 -17"><span class='ocrx_word' id='word_1_56' title='bbox 181 898 249 964; x_wconf 86' lang='lat' dir='ltr'>pta,</span> <span class='ocrx_word' id='word_1_57' title='bbox 266 902 409 965; x_wconf 88' lang='lat' dir='ltr'>quaeque</span> <span class='ocrx_word' id='word_1_58' title='bbox 422 888 482 948; x_wconf 86' lang='lat' dir='ltr'>alia</span> <span class='ocrx_word' id='word_1_59' title='bbox 496 895 548 948; x_wconf 89' lang='lat' dir='ltr'>aut</span> <span class='ocrx_word' id='word_1_60' title='bbox 561 886 746 963; x_wconf 74' lang='lat' dir='ltr'>populantes</span> <span class='ocrx_word' id='word_1_61' title='bbox 762 901 854 962; x_wconf 80' lang='lat' dir='ltr'>agros</span> <span class='ocrx_word' id='word_1_62' title='bbox 869 893 1038 962; x_wconf 87' lang='lat' dir='ltr'>rapuerant</span> <span class='ocrx_word' id='word_1_63' title='bbox 1052 894 1111 947; x_wconf 85' lang='lat' dir='ltr'>aut</span> <span class='ocrx_word' id='word_1_64' title='bbox 1125 903 1175 947; x_wconf 81' lang='lat' dir='ltr'>se</span> 
     </span>
     <span class='ocr_line' id='line_1_9' title="bbox 181 969 1176 1045; baseline 0.002 -15"><span class='ocrx_word' id='word_1_65' title='bbox 181 986 250 1032; x_wconf 83' lang='lat' dir='ltr'>cunt</span> <span class='ocrx_word' id='word_1_66' title='bbox 265 971 435 1033; x_wconf 80' lang='lat' dir='ltr'>alluderent.</span> <span class='ocrx_word' id='word_1_67' title='bbox 461 970 500 1030; x_wconf 89' lang='lat' dir='ltr'>de</span> <span class='ocrx_word' id='word_1_68' title='bbox 510 969 558 1030; x_wconf 91' lang='lat' dir='ltr'>his</span> <span class='ocrx_word' id='word_1_69' title='bbox 571 971 663 1030; x_wconf 89' lang='lat' dir='ltr'>rebus</span> <span class='ocrx_word' id='word_1_70' title='bbox 679 971 731 1045; x_wconf 91' lang='lat' dir='ltr'>qui</span> <span class='ocrx_word' id='word_1_71' title='bbox 746 975 959 1044; x_wconf 87' lang='lat' dir='ltr'>quererentur,</span> <span class='ocrx_word' id='word_1_72' title='bbox 973 971 1100 1045; x_wconf 79' lang='lat' dir='ltr'>legatos</span> <span class='ocrx_word' id='word_1_73' title='bbox 1112 971 1176 1032; x_wconf 89' lang='lat' dir='ltr'>Ro·</span> 
     </span>
     <span class='ocr_line' id='line_1_10' title="bbox 181 1053 1176 1130; baseline 0.001 -17"><span class='ocrx_word' id='word_1_74' title='bbox 181 1071 260 1115; x_wconf 90' lang='lat' dir='ltr'>mam</span> <span class='ocrx_word' id='word_1_75' title='bbox 276 1053 432 1116; x_wconf 87' lang='lat' dir='ltr'>miserunt.</span> <span class='ocrx_word' id='word_1_76' title='bbox 461 1053 622 1115; x_wconf 88' lang='lat' dir='ltr'>introducti</span> <span class='ocrx_word' id='word_1_77' title='bbox 637 1055 667 1113; x_wconf 91' lang='lat' dir='ltr'>in</span> <span class='ocrx_word' id='word_1_78' title='bbox 683 1059 821 1114; x_wconf 88' lang='lat' dir='ltr'>senatum</span> <span class='ocrx_word' id='word_1_79' title='bbox 842 1069 861 1112; x_wconf 84' lang='lat' dir='ltr'>a</span> <span class='ocrx_word' id='word_1_80' title='bbox 883 1053 915 1114; x_wconf 80' lang='lat' dir='ltr'>C.</span> <span class='ocrx_word' id='word_1_81' title='bbox 930 1054 1059 1114; x_wconf 86' lang='lat' dir='ltr'>Valerio</span> <span class='ocrx_word' id='word_1_82' title='bbox 1084 1069 1176 1130; x_wconf 88' lang='lat' dir='ltr'>prae·</span> 
     </span>
     <span class='ocr_line' id='line_1_11' title="bbox 180 1136 1176 1214; baseline 0.001 -16"><span class='ocrx_word' id='word_1_83' title='bbox 180 1147 246 1199; x_wconf 89' lang='lat' dir='ltr'>lore</span> <span class='ocrx_word' id='word_1_84' title='bbox 259 1144 469 1214; x_wconf 86' lang='lat' dir='ltr'>exposuerunt</span> <span class='ocrx_word' id='word_1_85' title='bbox 483 1153 518 1198; x_wconf 89' lang='lat' dir='ltr'>se</span> <span class='ocrx_word' id='word_1_86' title='bbox 540 1145 703 1212; x_wconf 88' lang='lat' dir='ltr'>superante</span> <span class='ocrx_word' id='word_1_87' title='bbox 724 1137 754 1197; x_wconf 92' lang='lat' dir='ltr'>in</span> <span class='ocrx_word' id='word_1_88' title='bbox 777 1137 874 1196; x_wconf 86' lang='lat' dir='ltr'>Gallio</span> <span class='ocrx_word' id='word_1_89' title='bbox 893 1136 1093 1198; x_wconf 88' lang='lat' dir='ltr'>multitudine</span> <span class='ocrx_word' id='word_1_90' title='bbox 1109 1138 1176 1199; x_wconf 92' lang='lat' dir='ltr'>ino-</span> 
     </span>
     <span class='ocr_line' id='line_1_12' title="bbox 181 1220 1175 1298; baseline 0.002 -18"><span class='ocrx_word' id='word_1_91' title='bbox 181 1222 234 1298; x_wconf 89' lang='lat' dir='ltr'>pia</span> <span class='ocrx_word' id='word_1_92' title='bbox 252 1229 377 1284; x_wconf 86' lang='lat' dir='ltr'>coactos</span> <span class='ocrx_word' id='word_1_93' title='bbox 392 1222 457 1298; x_wconf 79' lang='lat' dir='ltr'>agri</span> <span class='ocrx_word' id='word_1_94' title='bbox 472 1227 501 1280; x_wconf 90' lang='lat' dir='ltr'>et</span> <span class='ocrx_word' id='word_1_95' title='bbox 516 1227 652 1294; x_wconf 82' lang='lat' dir='ltr'>egestate</span> <span class='ocrx_word' id='word_1_96' title='bbox 667 1220 930 1295; x_wconf 85' lang='lat' dir='ltr'>adquaerendam</span> <span class='ocrx_word' id='word_1_97' title='bbox 946 1220 1056 1281; x_wconf 88' lang='lat' dir='ltr'>sedem</span> <span class='ocrx_word' id='word_1_98' title='bbox 1073 1222 1175 1298; x_wconf 87' lang='lat' dir='ltr'>Alpes</span> 
     </span>
     <span class='ocr_line' id='line_1_13' title="bbox 180 1302 1175 1382; baseline -0.001 -17"><span class='ocrx_word' id='word_1_99' title='bbox 180 1313 410 1382; x_wconf 80' lang='lat' dir='ltr'>transgressos,</span> <span class='ocrx_word' id='word_1_100' title='bbox 427 1319 506 1380; x_wconf 89' lang='lat' dir='ltr'>quae</span> <span class='ocrx_word' id='word_1_101' title='bbox 520 1305 632 1365; x_wconf 86' lang='lat' dir='ltr'>inculto</span> <span class='ocrx_word' id='word_1_102' title='bbox 653 1319 710 1380; x_wconf 90' lang='lat' dir='ltr'>per</span> <span class='ocrx_word' id='word_1_103' title='bbox 735 1303 916 1364; x_wconf 83' lang='lat' dir='ltr'>solitudines</span> <span class='ocrx_word' id='word_1_104' title='bbox 944 1302 1109 1380; x_wconf 90' lang='lat' dir='ltr'>viderent,</span> <span class='ocrx_word' id='word_1_105' title='bbox 1135 1305 1175 1364; x_wconf 90' lang='lat' dir='ltr'>ibi</span> 
     </span>
     <span class='ocr_line' id='line_1_14' title="bbox 181 1387 1211 1462; baseline 0.003 -15"><span class='ocrx_word' id='word_1_106' title='bbox 181 1389 248 1448; x_wconf 90' lang='lat' dir='ltr'>sine</span> <span class='ocrx_word' id='word_1_107' title='bbox 259 1389 349 1450; x_wconf 89' lang='lat' dir='ltr'>ullius</span> <span class='ocrx_word' id='word_1_108' title='bbox 362 1389 470 1448; x_wconf 90' lang='lat' dir='ltr'>iniuria</span> <span class='ocrx_word' id='word_1_109' title='bbox 481 1387 674 1447; x_wconf 88' lang='lat' dir='ltr'>consedisse.</span> <span class='ocrx_word' id='word_1_110' title='bbox 704 1387 852 1462; x_wconf 88' lang='lat' dir='ltr'>oppidum</span> <span class='ocrx_word' id='word_1_111' title='bbox 864 1401 990 1462; x_wconf 91' lang='lat' dir='ltr'>quoque</span> <span class='ocrx_word' id='word_1_112' title='bbox 1002 1387 1175 1450; x_wconf 79' lang='lat' dir='ltr'>aedificare</span> <span class='ocrx_word' id='word_1_113' title='bbox 1210 1459 1211 1462; x_wconf 8' lang='grc' dir='ltr'><strong>Ἴ</strong></span> 
     </span>
     <span class='ocr_line' id='line_1_15' title="bbox 182 1469 1175 1548; baseline 0.002 -18"><span class='ocrx_word' id='word_1_114' title='bbox 182 1473 341 1548; x_wconf 88' lang='lat' dir='ltr'>coepisse,</span> <span class='ocrx_word' id='word_1_115' title='bbox 357 1470 443 1546; x_wconf 89' lang='lat' dir='ltr'>quod</span> <span class='ocrx_word' id='word_1_116' title='bbox 457 1469 601 1530; x_wconf 86' lang='lat' dir='ltr'>indicium</span> <span class='ocrx_word' id='word_1_117' title='bbox 617 1477 773 1530; x_wconf 85' lang='lat' dir='ltr'>essetnec</span> <span class='ocrx_word' id='word_1_118' title='bbox 788 1485 862 1546; x_wconf 77' lang='lat' dir='ltr'>agro</span> <span class='ocrx_word' id='word_1_119' title='bbox 878 1485 938 1531; x_wconf 91' lang='lat' dir='ltr'>nec</span> <span class='ocrx_word' id='word_1_120' title='bbox 952 1469 1021 1530; x_wconf 87' lang='lat' dir='ltr'>urbi</span> <span class='ocrx_word' id='word_1_121' title='bbox 1035 1472 1095 1531; x_wconf 91' lang='lat' dir='ltr'>ulli</span> <span class='ocrx_word' id='word_1_122' title='bbox 1113 1473 1175 1532; x_wconf 90' lang='lat' dir='ltr'>vim</span> 
     </span>
     <span class='ocr_line' id='line_1_16' title="bbox 183 1551 1181 1629; baseline 0.002 -15"><span class='ocrx_word' id='word_1_123' title='bbox 183 1555 337 1615; x_wconf 82' lang='lat' dir='ltr'>adlaturos</span> <span class='ocrx_word' id='word_1_124' title='bbox 355 1554 489 1614; x_wconf 90' lang='lat' dir='ltr'>venisse.</span> <span class='ocrx_word' id='word_1_125' title='bbox 519 1569 618 1629; x_wconf 86' lang='lat' dir='ltr'>nuper</span> <span class='ocrx_word' id='word_1_126' title='bbox 632 1553 671 1613; x_wconf 85' lang='lat' dir='ltr'>ll.</span> <span class='ocrx_word' id='word_1_127' title='bbox 688 1551 845 1615; x_wconf 86' lang='lat' dir='ltr'>Claudium</span> <span class='ocrx_word' id='word_1_128' title='bbox 857 1555 898 1615; x_wconf 88' lang='lat' dir='ltr'>od</span> <span class='ocrx_word' id='word_1_129' title='bbox 909 1569 945 1614; x_wconf 85' lang='lat' dir='ltr'>se</span> <span class='ocrx_word' id='word_1_130' title='bbox 959 1555 1104 1616; x_wconf 82' lang='lat' dir='ltr'>nuntium</span> <span class='ocrx_word' id='word_1_131' title='bbox 1120 1557 1181 1616; x_wconf 78' lang='lat' dir='ltr'>mi·</span> 
     </span>
     <span class='ocr_line' id='line_1_17' title="bbox 181 1636 1176 1714; baseline 0.002 -16"><span class='ocrx_word' id='word_1_132' title='bbox 181 1637 262 1698; x_wconf 89' lang='lat' dir='ltr'>sisse</span> <span class='ocrx_word' id='word_1_133' title='bbox 272 1637 384 1697; x_wconf 91' lang='lat' dir='ltr'>bellum</span> <span class='ocrx_word' id='word_1_134' title='bbox 396 1651 510 1698; x_wconf 88' lang='lat' dir='ltr'>seeum</span> <span class='ocrx_word' id='word_1_135' title='bbox 523 1636 576 1711; x_wconf 89' lang='lat' dir='ltr'>iis,</span> <span class='ocrx_word' id='word_1_136' title='bbox 592 1638 622 1697; x_wconf 95' lang='lat' dir='ltr'>ni</span> <span class='ocrx_word' id='word_1_137' title='bbox 635 1637 834 1712; x_wconf 87' lang='lat' dir='ltr'>dederentur,</span> <span class='ocrx_word' id='word_1_138' title='bbox 850 1646 1017 1714; x_wconf 80' lang='lat' dir='ltr'>gesturum.</span> <span class='ocrx_word' id='word_1_139' title='bbox 1048 1655 1087 1699; x_wconf 89' lang='lat' dir='ltr'>se</span> <span class='ocrx_word' id='word_1_140' title='bbox 1109 1655 1176 1700; x_wconf 89' lang='lat' dir='ltr'>eer-</span> 
     </span>
     <span class='ocr_line' id='line_1_18' title="bbox 181 1720 1175 1798; baseline 0.004 -18"><span class='ocrx_word' id='word_1_141' title='bbox 181 1728 258 1795; x_wconf 88' lang='lat' dir='ltr'>tam,</span> <span class='ocrx_word' id='word_1_142' title='bbox 274 1722 332 1781; x_wconf 91' lang='lat' dir='ltr'>etsi</span> <span class='ocrx_word' id='word_1_143' title='bbox 347 1736 408 1780; x_wconf 94' lang='lat' dir='ltr'>non</span> <span class='ocrx_word' id='word_1_144' title='bbox 427 1720 600 1796; x_wconf 88' lang='lat' dir='ltr'>speciosam</span> <span class='ocrx_word' id='word_1_145' title='bbox 622 1735 729 1797; x_wconf 86' lang='lat' dir='ltr'>pacem</span> <span class='ocrx_word' id='word_1_146' title='bbox 751 1733 842 1795; x_wconf 86' lang='lat' dir='ltr'>quam</span> <span class='ocrx_word' id='word_1_147' title='bbox 858 1722 974 1782; x_wconf 88' lang='lat' dir='ltr'>incerta</span> <span class='ocrx_word' id='word_1_148' title='bbox 988 1721 1064 1782; x_wconf 91' lang='lat' dir='ltr'>belli</span> <span class='ocrx_word' id='word_1_149' title='bbox 1080 1739 1175 1798; x_wconf 89' lang='lat' dir='ltr'>prae·</span> 
     </span>
     <span class='ocr_line' id='line_1_19' title="bbox 183 1804 1175 1881; baseline 0.003 -15"><span class='ocrx_word' id='word_1_150' title='bbox 183 1812 323 1880; x_wconf 86' lang='lat' dir='ltr'>optantes</span> <span class='ocrx_word' id='word_1_151' title='bbox 340 1804 499 1865; x_wconf 90' lang='lat' dir='ltr'>dedidisse</span> <span class='ocrx_word' id='word_1_152' title='bbox 513 1819 548 1864; x_wconf 90' lang='lat' dir='ltr'>se</span> <span class='ocrx_word' id='word_1_153' title='bbox 563 1805 647 1880; x_wconf 87' lang='lat' dir='ltr'>prius</span> <span class='ocrx_word' id='word_1_154' title='bbox 671 1805 700 1864; x_wconf 95' lang='lat' dir='ltr'>in</span> <span class='ocrx_word' id='word_1_155' title='bbox 721 1805 814 1864; x_wconf 87' lang='lat' dir='ltr'>iidem</span> <span class='ocrx_word' id='word_1_156' title='bbox 830 1820 921 1880; x_wconf 90' lang='lat' dir='ltr'>quam</span> <span class='ocrx_word' id='word_1_157' title='bbox 937 1805 967 1864; x_wconf 94' lang='lat' dir='ltr'>in</span> <span class='ocrx_word' id='word_1_158' title='bbox 982 1811 1175 1881; x_wconf 85' lang='lat' dir='ltr'>potestatem</span> 
     </span>
     <span class='ocr_line' id='line_1_20' title="bbox 181 1887 1176 1965; baseline 0.003 -17"><span class='ocrx_word' id='word_1_159' title='bbox 181 1889 287 1965; x_wconf 90' lang='lat' dir='ltr'>populi</span> <span class='ocrx_word' id='word_1_160' title='bbox 300 1889 439 1949; x_wconf 84' lang='lat' dir='ltr'>Romani.</span> <span class='ocrx_word' id='word_1_161' title='bbox 468 1895 539 1965; x_wconf 85' lang='lat' dir='ltr'>post</span> <span class='ocrx_word' id='word_1_162' title='bbox 560 1903 678 1964; x_wconf 88' lang='lat' dir='ltr'>paucos</span> <span class='ocrx_word' id='word_1_163' title='bbox 703 1889 770 1948; x_wconf 91' lang='lat' dir='ltr'>dies</span> <span class='ocrx_word' id='word_1_164' title='bbox 791 1887 896 1948; x_wconf 90' lang='lat' dir='ltr'>iussos</span> <span class='ocrx_word' id='word_1_165' title='bbox 912 1896 942 1948; x_wconf 90' lang='lat' dir='ltr'>et</span> <span class='ocrx_word' id='word_1_166' title='bbox 955 1905 1031 1964; x_wconf 78' lang='lat' dir='ltr'>egro</span> <span class='ocrx_word' id='word_1_167' title='bbox 1048 1898 1081 1951; x_wconf 90' lang='lat' dir='ltr'>et</span> <span class='ocrx_word' id='word_1_168' title='bbox 1095 1891 1176 1952; x_wconf 89' lang='lat' dir='ltr'>urbe</span> 
     </span>
     <span class='ocr_line' id='line_1_21' title="bbox 110 1971 1177 2048; baseline 0.002 -16"><span class='ocrx_word' id='word_1_169' title='bbox 110 2039 112 2043; x_wconf 9' lang='grc' dir='ltr'><strong>Α</strong></span> <span class='ocrx_word' id='word_1_170' title='bbox 182 1971 333 2033; x_wconf 84' lang='lat' dir='ltr'>decedere</span> <span class='ocrx_word' id='word_1_171' title='bbox 348 1987 419 2032; x_wconf 88' lang='lat' dir='ltr'>sese</span> <span class='ocrx_word' id='word_1_172' title='bbox 432 1973 541 2032; x_wconf 87' lang='lat' dir='ltr'>tacitos</span> <span class='ocrx_word' id='word_1_173' title='bbox 556 1972 654 2048; x_wconf 86' lang='lat' dir='ltr'>abire,</span> <span class='ocrx_word' id='word_1_174' title='bbox 670 1990 731 2048; x_wconf 88' lang='lat' dir='ltr'>quo</span> <span class='ocrx_word' id='word_1_175' title='bbox 741 1979 890 2032; x_wconf 87' lang='lat' dir='ltr'>terrarum</span> <span class='ocrx_word' id='word_1_176' title='bbox 901 1979 1042 2048; x_wconf 90' lang='lat' dir='ltr'>possent,</span> <span class='ocrx_word' id='word_1_177' title='bbox 1058 1974 1091 2034; x_wconf 91' lang='lat' dir='ltr'>in</span> <span class='ocrx_word' id='word_1_178' title='bbox 1110 1976 1177 2036; x_wconf 88' lang='lat' dir='ltr'>ani·</span> 
     </span>
     <span class='ocr_line' id='line_1_22' title="bbox 183 2055 1177 2131; baseline 0.005 -16"><span class='ocrx_word' id='word_1_179' title='bbox 183 2073 234 2115; x_wconf 95' lang='lat' dir='ltr'>mo</span> <span class='ocrx_word' id='word_1_180' title='bbox 250 2055 407 2115; x_wconf 89' lang='lat' dir='ltr'>habuisse.</span> <span class='ocrx_word' id='word_1_181' title='bbox 436 2071 520 2115; x_wconf 84' lang='lat' dir='ltr'>anna</span> <span class='ocrx_word' id='word_1_182' title='bbox 542 2056 653 2115; x_wconf 93' lang='lat' dir='ltr'>deinde</span> <span class='ocrx_word' id='word_1_183' title='bbox 674 2056 746 2131; x_wconf 92' lang='lat' dir='ltr'>sibi,</span> <span class='ocrx_word' id='word_1_184' title='bbox 769 2062 800 2116; x_wconf 89' lang='lat' dir='ltr'>el</span> <span class='ocrx_word' id='word_1_185' title='bbox 815 2063 971 2131; x_wconf 89' lang='lat' dir='ltr'>postremo</span> <span class='ocrx_word' id='word_1_186' title='bbox 989 2059 1099 2119; x_wconf 82' lang='lat' dir='ltr'>omnia</span> <span class='ocrx_word' id='word_1_187' title='bbox 1115 2060 1177 2127; x_wconf 83' lang='lat' dir='ltr'>alia</span> 
     </span>
     <span class='ocr_line' id='line_1_23' title="bbox 183 2140 1174 2219; baseline 0.012 -27"><span class='ocrx_word' id='word_1_188' title='bbox 183 2154 262 2211; x_wconf 87' lang='lat' dir='ltr'>quae</span> <span class='ocrx_word' id='word_1_189' title='bbox 277 2140 389 2197; x_wconf 80' lang='lat' dir='ltr'>ferrent</span> <span class='ocrx_word' id='word_1_190' title='bbox 402 2144 603 2213; x_wconf 78' lang='lat' dir='ltr'>agerentque,</span> <span class='ocrx_word' id='word_1_191' title='bbox 619 2140 770 2214; x_wconf 86' lang='lat' dir='ltr'>adempta.</span> <span class='ocrx_word' id='word_1_192' title='bbox 801 2153 891 2200; x_wconf 86' lang='lat' dir='ltr'>orare</span> <span class='ocrx_word' id='word_1_193' title='bbox 905 2155 942 2201; x_wconf 90' lang='lat' dir='ltr'>se</span> <span class='ocrx_word' id='word_1_194' title='bbox 954 2148 1101 2203; x_wconf 87' lang='lat' dir='ltr'>senatum</span> <span class='ocrx_word' id='word_1_195' title='bbox 1117 2159 1174 2219; x_wconf 93' lang='lat' dir='ltr'>po-</span> 
     </span>
     <span class='ocr_line' id='line_1_24' title="bbox 182 2221 1176 2296; baseline 0.008 -16"><span class='ocrx_word' id='word_1_196' title='bbox 182 2221 349 2296; x_wconf 91' lang='lat' dir='ltr'>pulumque</span> <span class='ocrx_word' id='word_1_197' title='bbox 363 2221 533 2282; x_wconf 85' lang='lat' dir='ltr'>Romanum</span> <span class='ocrx_word' id='word_1_198' title='bbox 548 2238 587 2281; x_wconf 94' lang='lat' dir='ltr'>ne</span> <span class='ocrx_word' id='word_1_199' title='bbox 607 2223 691 2282; x_wconf 90' lang='lat' dir='ltr'>inse</span> <span class='ocrx_word' id='word_1_200' title='bbox 711 2223 856 2284; x_wconf 85' lang='lat' dir='ltr'>innoxios</span> <span class='ocrx_word' id='word_1_201' title='bbox 877 2225 1001 2286; x_wconf 88' lang='lat' dir='ltr'>deditos</span> <span class='ocrx_word' id='word_1_202' title='bbox 1022 2227 1176 2288; x_wconf 78' lang='lat' dir='ltr'>acerbius</span> 
     </span>
     <span class='ocr_line' id='line_1_25' title="bbox 183 2303 1175 2378; baseline 0.006 -14"><span class='ocrx_word' id='word_1_203' title='bbox 183 2321 274 2378; x_wconf 85' lang='lat' dir='ltr'>quem</span> <span class='ocrx_word' id='word_1_204' title='bbox 289 2304 319 2363; x_wconf 93' lang='lat' dir='ltr'>in</span> <span class='ocrx_word' id='word_1_205' title='bbox 334 2303 441 2364; x_wconf 89' lang='lat' dir='ltr'>hostes</span> <span class='ocrx_word' id='word_1_206' title='bbox 464 2305 627 2366; x_wconf 86' lang='lat' dir='ltr'>saevirent.</span> <span class='ocrx_word' id='word_1_207' title='bbox 662 2306 733 2367; x_wconf 89' lang='lat' dir='ltr'>huic</span> <span class='ocrx_word' id='word_1_208' title='bbox 754 2308 884 2368; x_wconf 88' lang='lat' dir='ltr'>orationi</span> <span class='ocrx_word' id='word_1_209' title='bbox 905 2315 1033 2370; x_wconf 89' lang='lat' dir='ltr'>senatus</span> <span class='ocrx_word' id='word_1_210' title='bbox 1057 2311 1103 2370; x_wconf 83' lang='lat' dir='ltr'>ita</span> <span class='ocrx_word' id='word_1_211' title='bbox 1126 2328 1175 2370; x_wconf 89' lang='lat' dir='ltr'>re-</span> 
     </span>
     <span class='ocr_line' id='line_1_26' title="bbox 183 2386 1176 2466; baseline 0.008 -19"><span class='ocrx_word' id='word_1_212' title='bbox 183 2386 330 2463; x_wconf 91' lang='lat' dir='ltr'>sponderi</span> <span class='ocrx_word' id='word_1_213' title='bbox 344 2387 449 2462; x_wconf 90' lang='lat' dir='ltr'>iussit,</span> <span class='ocrx_word' id='word_1_214' title='bbox 465 2404 567 2464; x_wconf 92' lang='lat' dir='ltr'>neque</span> <span class='ocrx_word' id='word_1_215' title='bbox 582 2391 651 2450; x_wconf 91' lang='lat' dir='ltr'>illos</span> <span class='ocrx_word' id='word_1_216' title='bbox 671 2398 754 2451; x_wconf 87' lang='lat' dir='ltr'>recle</span> <span class='ocrx_word' id='word_1_217' title='bbox 774 2391 901 2466; x_wconf 87' lang='lat' dir='ltr'>iecisse,</span> <span class='ocrx_word' id='word_1_218' title='bbox 917 2408 986 2452; x_wconf 94' lang='lat' dir='ltr'>cum</span> <span class='ocrx_word' id='word_1_219' title='bbox 1002 2393 1034 2453; x_wconf 95' lang='lat' dir='ltr'>in</span> <span class='ocrx_word' id='word_1_220' title='bbox 1050 2395 1176 2455; x_wconf 82' lang='lat' dir='ltr'>Italiam</span> 
     </span>
     <span class='ocr_line' id='line_1_27' title="bbox 181 2471 1176 2550; baseline 0.008 -19"><span class='ocrx_word' id='word_1_221' title='bbox 181 2471 320 2532; x_wconf 85' lang='lat' dir='ltr'>venerint</span> <span class='ocrx_word' id='word_1_222' title='bbox 335 2472 545 2550; x_wconf 86' lang='lat' dir='ltr'>oppidumque</span> <span class='ocrx_word' id='word_1_223' title='bbox 559 2475 589 2534; x_wconf 87' lang='lat' dir='ltr'>in</span> <span class='ocrx_word' id='word_1_224' title='bbox 604 2473 704 2534; x_wconf 87' lang='lat' dir='ltr'>alieno</span> <span class='ocrx_word' id='word_1_225' title='bbox 720 2489 810 2550; x_wconf 78' lang='lat' dir='ltr'>agro,</span> <span class='ocrx_word' id='word_1_226' title='bbox 825 2475 937 2536; x_wconf 91' lang='lat' dir='ltr'>nullius</span> <span class='ocrx_word' id='word_1_227' title='bbox 954 2477 1089 2538; x_wconf 89' lang='lat' dir='ltr'>Romani</span> <span class='ocrx_word' id='word_1_228' title='bbox 1107 2495 1176 2539; x_wconf 85' lang='lat' dir='ltr'>mu-</span> 
     </span>
     <span class='ocr_line' id='line_1_28' title="bbox 181 2555 1177 2635; baseline 0.007 -20"><span class='ocrx_word' id='word_1_229' title='bbox 181 2555 341 2632; x_wconf 80' lang='lat' dir='ltr'>gistratus‚</span> <span class='ocrx_word' id='word_1_230' title='bbox 358 2557 409 2632; x_wconf 87' lang='lat' dir='ltr'>qui</span> <span class='ocrx_word' id='word_1_231' title='bbox 422 2556 450 2616; x_wconf 89' lang='lat' dir='ltr'>ei</span> <span class='ocrx_word' id='word_1_232' title='bbox 461 2557 639 2634; x_wconf 85' lang='lat' dir='ltr'>provinciae</span> <span class='ocrx_word' id='word_1_233' title='bbox 651 2565 819 2635; x_wconf 76' lang='lat' dir='ltr'>praeesset,</span> <span class='ocrx_word' id='word_1_234' title='bbox 834 2559 986 2634; x_wconf 88' lang='lat' dir='ltr'>permissu</span> <span class='ocrx_word' id='word_1_235' title='bbox 999 2561 1177 2624; x_wconf 84' lang='lat' dir='ltr'>aedificare</span> 
     </span>
     <span class='ocr_line' id='line_1_29' title="bbox 182 2641 1174 2719; baseline 0.006 -18"><span class='ocrx_word' id='word_1_236' title='bbox 182 2641 282 2702; x_wconf 85' lang='lat' dir='ltr'>conati</span> <span class='ocrx_word' id='word_1_237' title='bbox 298 2641 375 2712; x_wconf 89' lang='lat' dir='ltr'>sint;</span> <span class='ocrx_word' id='word_1_238' title='bbox 397 2658 498 2717; x_wconf 90' lang='lat' dir='ltr'>neque</span> <span class='ocrx_word' id='word_1_239' title='bbox 518 2642 636 2702; x_wconf 86' lang='lat' dir='ltr'>senatui</span> <span class='ocrx_word' id='word_1_240' title='bbox 656 2643 779 2718; x_wconf 84' lang='lat' dir='ltr'>plaeere</span> <span class='ocrx_word' id='word_1_241' title='bbox 799 2643 921 2703; x_wconf 87' lang='lat' dir='ltr'>deditos</span> <span class='ocrx_word' id='word_1_242' title='bbox 942 2645 1082 2719; x_wconf 87' lang='lat' dir='ltr'>spoliari.</span> <span class='ocrx_word' id='word_1_243' title='bbox 1113 2647 1174 2707; x_wconf 85' lang='lat' dir='ltr'>ita-</span> 
     </span>
     <span class='ocr_line' id='line_1_30' title="bbox 182 2725 1174 2802; baseline 0.003 -17"><span class='ocrx_word' id='word_1_244' title='bbox 182 2741 243 2800; x_wconf 89' lang='lat' dir='ltr'>que</span> <span class='ocrx_word' id='word_1_245' title='bbox 257 2742 292 2786; x_wconf 86' lang='lat' dir='ltr'>se</span> <span class='ocrx_word' id='word_1_246' title='bbox 307 2741 375 2786; x_wconf 90' lang='lat' dir='ltr'>oum</span> <span class='ocrx_word' id='word_1_247' title='bbox 390 2727 427 2787; x_wconf 90' lang='lat' dir='ltr'>iis</span> <span class='ocrx_word' id='word_1_248' title='bbox 447 2727 564 2802; x_wconf 78' lang='lat' dir='ltr'>legatos</span> <span class='ocrx_word' id='word_1_249' title='bbox 580 2728 620 2787; x_wconf 84' lang='lat' dir='ltr'>ad</span> <span class='ocrx_word' id='word_1_250' title='bbox 633 2727 791 2786; x_wconf 89' lang='lat' dir='ltr'>consulem</span> <span class='ocrx_word' id='word_1_251' title='bbox 806 2725 973 2802; x_wconf 90' lang='lat' dir='ltr'>missuros,</span> <span class='ocrx_word' id='word_1_252' title='bbox 989 2728 1058 2802; x_wconf 88' lang='lat' dir='ltr'>qui,</span> <span class='ocrx_word' id='word_1_253' title='bbox 1075 2729 1107 2789; x_wconf 91' lang='lat' dir='ltr'>si</span> <span class='ocrx_word' id='word_1_254' title='bbox 1122 2746 1174 2789; x_wconf 87' lang='lat' dir='ltr'>re-</span> 
     </span>
     <span class='ocr_line' id='line_1_31' title="bbox 183 2809 1178 2888; baseline 0.002 -18"><span class='ocrx_word' id='word_1_255' title='bbox 183 2811 276 2871; x_wconf 87' lang='lat' dir='ltr'>deant</span> <span class='ocrx_word' id='word_1_256' title='bbox 285 2809 371 2870; x_wconf 89' lang='lat' dir='ltr'>unde</span> <span class='ocrx_word' id='word_1_257' title='bbox 385 2811 537 2885; x_wconf 88' lang='lat' dir='ltr'>venerint,</span> <span class='ocrx_word' id='word_1_258' title='bbox 553 2811 654 2869; x_wconf 89' lang='lat' dir='ltr'>omnia</span> <span class='ocrx_word' id='word_1_259' title='bbox 668 2810 705 2870; x_wconf 92' lang='lat' dir='ltr'>iis</span> <span class='ocrx_word' id='word_1_260' title='bbox 721 2826 778 2870; x_wconf 87' lang='lat' dir='ltr'>sua</span> <span class='ocrx_word' id='word_1_261' title='bbox 790 2810 880 2869; x_wconf 89' lang='lat' dir='ltr'>reddi</span> <span class='ocrx_word' id='word_1_262' title='bbox 894 2811 1033 2886; x_wconf 87' lang='lat' dir='ltr'>iubeant,</span> <span class='ocrx_word' id='word_1_263' title='bbox 1050 2813 1178 2888; x_wconf 88' lang='lat' dir='ltr'>quique</span> 
     </span>
     <span class='ocr_line' id='line_1_32' title="bbox 182 2893 1177 2978; baseline 0.005 -27"><span class='ocrx_word' id='word_1_264' title='bbox 182 2893 322 2968; x_wconf 88' lang='lat' dir='ltr'>protinus</span> <span class='ocrx_word' id='word_1_265' title='bbox 338 2901 408 2954; x_wconf 89' lang='lat' dir='ltr'>eant</span> <span class='ocrx_word' id='word_1_266' title='bbox 425 2899 509 2954; x_wconf 82' lang='lat' dir='ltr'>tram</span> <span class='ocrx_word' id='word_1_267' title='bbox 524 2893 637 2969; x_wconf 82' lang='lat' dir='ltr'>Alpes,</span> <span class='ocrx_word' id='word_1_268' title='bbox 653 2901 683 2954; x_wconf 89' lang='lat' dir='ltr'>et</span> <span class='ocrx_word' id='word_1_269' title='bbox 697 2895 875 2954; x_wconf 87' lang='lat' dir='ltr'>denuntient</span> <span class='ocrx_word' id='word_1_270' title='bbox 890 2894 1014 2978; x_wconf 76' lang='lat' dir='ltr'>Gallicis</span> <span class='ocrx_word' id='word_1_271' title='bbox 1031 2897 1177 2972; x_wconf 87' lang='lat' dir='ltr'>populis,</span> 
     </span>
     <span class='ocr_line' id='line_1_33' title="bbox 182 2977 1174 3054; baseline 0.003 -17"><span class='ocrx_word' id='word_1_272' title='bbox 182 2977 402 3038; x_wconf 88' lang='lat' dir='ltr'>multitudinem</span> <span class='ocrx_word' id='word_1_273' title='bbox 417 2994 504 3039; x_wconf 89' lang='lat' dir='ltr'>suam</span> <span class='ocrx_word' id='word_1_274' title='bbox 523 2978 606 3038; x_wconf 91' lang='lat' dir='ltr'>domi</span> <span class='ocrx_word' id='word_1_275' title='bbox 627 2977 817 3040; x_wconf 73' lang='lat' dir='ltr'>contineante</span> <span class='ocrx_word' id='word_1_276' title='bbox 845 2979 943 3054; x_wconf 87' lang='lat' dir='ltr'>Alpes</span> <span class='ocrx_word' id='word_1_277' title='bbox 965 2995 1064 3054; x_wconf 88' lang='lat' dir='ltr'>prope</span> <span class='ocrx_word' id='word_1_278' title='bbox 1079 2980 1174 3040; x_wconf 89' lang='lat' dir='ltr'>inex-</span> 
     </span>
     <span class='ocr_line' id='line_1_34' title="bbox 182 3061 1175 3138; baseline 0.003 -17"><span class='ocrx_word' id='word_1_279' title='bbox 182 3061 386 3138; x_wconf 87' lang='lat' dir='ltr'>superabilem</span> <span class='ocrx_word' id='word_1_280' title='bbox 402 3061 494 3122; x_wconf 86' lang='lat' dir='ltr'>linem</span> <span class='ocrx_word' id='word_1_281' title='bbox 509 3061 539 3122; x_wconf 92' lang='lat' dir='ltr'>in</span> <span class='ocrx_word' id='word_1_282' title='bbox 555 3063 656 3123; x_wconf 89' lang='lat' dir='ltr'>medio</span> <span class='ocrx_word' id='word_1_283' title='bbox 672 3077 760 3131; x_wconf 86' lang='lat' dir='ltr'>esse;</span> <span class='ocrx_word' id='word_1_284' title='bbox 789 3077 850 3120; x_wconf 93' lang='lat' dir='ltr'>nou</span> <span class='ocrx_word' id='word_1_285' title='bbox 872 3062 977 3137; x_wconf 88' lang='lat' dir='ltr'>utique</span> <span class='ocrx_word' id='word_1_286' title='bbox 1000 3063 1037 3122; x_wconf 90' lang='lat' dir='ltr'>iis</span> <span class='ocrx_word' id='word_1_287' title='bbox 1051 3063 1175 3124; x_wconf 89' lang='lat' dir='ltr'>melius</span> 
     </span>
     <span class='ocr_line' id='line_1_35' title="bbox 182 3145 1174 3223; baseline 0.001 -18"><span class='ocrx_word' id='word_1_288' title='bbox 182 3146 263 3219; x_wconf 86' lang='lat' dir='ltr'>lore,</span> <span class='ocrx_word' id='word_1_289' title='bbox 281 3163 369 3221; x_wconf 88' lang='lat' dir='ltr'>quam</span> <span class='ocrx_word' id='word_1_290' title='bbox 387 3145 438 3223; x_wconf 83' lang='lat' dir='ltr'>qui</span> <span class='ocrx_word' id='word_1_291' title='bbox 459 3162 513 3206; x_wconf 88' lang='lat' dir='ltr'>eas</span> <span class='ocrx_word' id='word_1_292' title='bbox 536 3148 623 3223; x_wconf 92' lang='lat' dir='ltr'>primi</span> <span class='ocrx_word' id='word_1_293' title='bbox 640 3146 763 3222; x_wconf 89' lang='lat' dir='ltr'>pervias</span> <span class='ocrx_word' id='word_1_294' title='bbox 784 3145 940 3206; x_wconf 87' lang='lat' dir='ltr'>iecissent.</span> <span class='ocrx_word' id='word_1_295' title='bbox 970 3147 1061 3222; x_wconf 78' lang='lat' dir='ltr'>legati</span> <span class='ocrx_word' id='word_1_296' title='bbox 1075 3147 1174 3221; x_wconf 73' lang='lat' dir='ltr'>missi</span> 
     </span>
     <span class='ocr_line' id='line_1_36' title="bbox 180 3229 1177 3308; baseline -0.001 -18"><span class='ocrx_word' id='word_1_297' title='bbox 180 3231 213 3290; x_wconf 91' lang='lat' dir='ltr'>L.</span> <span class='ocrx_word' id='word_1_298' title='bbox 223 3229 332 3292; x_wconf 89' lang='lat' dir='ltr'>Furius</span> <span class='ocrx_word' id='word_1_299' title='bbox 343 3231 492 3308; x_wconf 87' lang='lat' dir='ltr'>Purpurio</span> <span class='ocrx_word' id='word_1_300' title='bbox 505 3231 539 3306; x_wconf 82' lang='lat' dir='ltr'>Q.</span> <span class='ocrx_word' id='word_1_301' title='bbox 551 3230 702 3291; x_wconf 86' lang='lat' dir='ltr'>Minucius</span> <span class='ocrx_word' id='word_1_302' title='bbox 714 3229 886 3290; x_wconf 87' lang='lat' dir='ltr'>L.Manlius</span> <span class='ocrx_word' id='word_1_303' title='bbox 898 3230 1059 3290; x_wconf 86' lang='lat' dir='ltr'>Acidinus.</span> <span class='ocrx_word' id='word_1_304' title='bbox 1074 3231 1177 3306; x_wconf 83' lang='lat' dir='ltr'>Galli,</span> 
     </span>
     <span class='ocr_line' id='line_1_37' title="bbox 181 3313 1175 3390; baseline 0 -17"><span class='ocrx_word' id='word_1_305' title='bbox 181 3314 309 3377; x_wconf 89' lang='lat' dir='ltr'>redditis</span> <span class='ocrx_word' id='word_1_306' title='bbox 326 3315 466 3376; x_wconf 90' lang='lat' dir='ltr'>omnibus</span> <span class='ocrx_word' id='word_1_307' title='bbox 491 3327 572 3390; x_wconf 72' lang='lat' dir='ltr'>uuae</span> <span class='ocrx_word' id='word_1_308' title='bbox 587 3316 653 3376; x_wconf 89' lang='lat' dir='ltr'>sine</span> <span class='ocrx_word' id='word_1_309' title='bbox 668 3313 849 3389; x_wconf 88' lang='lat' dir='ltr'>cuiusquam</span> <span class='ocrx_word' id='word_1_310' title='bbox 874 3313 984 3374; x_wconf 86' lang='lat' dir='ltr'>iniuria</span> <span class='ocrx_word' id='word_1_311' title='bbox 998 3313 1175 3387; x_wconf 79' lang='lat' dir='ltr'>habebant,</span> 
     </span>
     <span class='ocr_line' id='line_1_38' title="bbox 181 3396 1173 3474; baseline 0.001 -17"><span class='ocrx_word' id='word_1_312' title='bbox 181 3398 268 3460; x_wconf 88' lang='lat' dir='ltr'>italia</span> <span class='ocrx_word' id='word_1_313' title='bbox 282 3407 492 3460; x_wconf 88' lang='lat' dir='ltr'>excesserunt.</span> <span class='ocrx_word' id='word_1_314' title='bbox 536 3400 597 3458; x_wconf 88' lang='lat' dir='ltr'>LV.</span> <span class='ocrx_word' id='word_1_315' title='bbox 614 3398 721 3474; x_wconf 84' lang='lat' dir='ltr'>legatis</span> <span class='ocrx_word' id='word_1_316' title='bbox 736 3396 885 3458; x_wconf 87' lang='lat' dir='ltr'>Romanis</span> <span class='ocrx_word' id='word_1_317' title='bbox 899 3396 1092 3473; x_wconf 84' lang='lat' dir='ltr'>Transalpini</span> <span class='ocrx_word' id='word_1_318' title='bbox 1106 3413 1173 3472; x_wconf 93' lang='lat' dir='ltr'>po-</span> 
     </span>
     <span class='ocr_line' id='line_1_39' title="bbox 182 3479 1173 3558; baseline -0.001 -16"><span class='ocrx_word' id='word_1_319' title='bbox 182 3483 243 3557; x_wconf 91' lang='lat' dir='ltr'>puli</span> <span class='ocrx_word' id='word_1_320' title='bbox 257 3484 389 3558; x_wconf 83' lang='lat' dir='ltr'>benigne</span> <span class='ocrx_word' id='word_1_321' title='bbox 403 3483 638 3558; x_wconf 86' lang='lat' dir='ltr'>responderunt.</span> <span class='ocrx_word' id='word_1_322' title='bbox 667 3483 805 3543; x_wconf 86' lang='lat' dir='ltr'>seniores</span> <span class='ocrx_word' id='word_1_323' title='bbox 828 3497 932 3542; x_wconf 89' lang='lat' dir='ltr'>eorum</span> <span class='ocrx_word' id='word_1_324' title='bbox 948 3479 1072 3541; x_wconf 89' lang='lat' dir='ltr'>nimiam</span> <span class='ocrx_word' id='word_1_325' title='bbox 1086 3480 1173 3541; x_wconf 88' lang='lat' dir='ltr'>leni-</span> 
     </span>
    </p>
   </div>
   <div class='ocr_carea' id='block_1_4' title="bbox 0 0 1216 3872">
    <p class='ocr_par' dir='ltr' id='par_1_4' title="bbox 0 0 1216 3872">
     <span class='ocr_line' id='line_1_40' title="bbox 0 0 1216 3872; baseline 0 0"><span class='ocrx_word' id='word_1_326' title='bbox 0 0 1216 3872; x_wconf 95' lang='lat' dir='ltr'> </span> 
     </span>
    </p>
   </div>
  </div>
 </body>
</html>
