2364 3862
153 230 216 292 aaa
316 220 547 283 treunxmv.
572 202 993 280 chP.1e.la.[a.U.a.5831

154 382 319 454 dignatum,
336 374 420 450 quod
434 378 467 431 ut
481 369 595 430 iisdem
605 365 716 424 castris
732 358 874 421 tenderet
885 349 1069 428 permissum
1078 359 1130 402 non

154 463 251 524 luerit.
280 475 319 519 nc
339 465 373 517 ut
393 453 512 530 equites
533 449 658 525 quidem
674 446 796 514 Gallos,
819 453 900 512 quos
925 449 1032 494 secum
1051 429 1133 487 addu-

153 553 249 617 xerat,
267 543 462 614 relinqueret,
478 532 635 609 impetrari
650 529 689 588 ab
707 543 745 587 eo
763 522 916 599 potuisse.
939 517 1071 576 Attalum
1085 513 1132 569 lra-

153 638 230 691 trem
245 627 313 686 eius
328 631 359 684 et
372 617 561 682 remansisse
576 613 660 690 apud
678 609 849 678 consulem,
867 611 897 662 et
913 600 1066 661 sinceram
1080 594 1134 653 eius

155 712 247 772 fldem
274 706 395 782 aequali
424 710 531 762 tenore
558 697 778 772 egregiamque
801 701 932 764 operam
953 684 985 742 in
1006 696 1043 740 eo
1067 677 1136 736 bello

154 797 318 932 furssgm
340 874 418 934 Dum
432 871 545 929 bellum
559 868 590 926 in
597 861 781 922 Macedonia
795 854 923 932 geritur,
937 848 1031 924 legati
1043 846 1136 902 Tram'

156 958 248 1033 alpini
264 956 303 1015 ab
318 955 426 1030 regulo
443 953 597 1012 Gallorum
611 979 655 990 -
678 945 816 1003 Balanos
837 938 942 1014 ipsius
958 931 1082 992 traditur
1094 939 1137 984 no

155 1057 242 1108 mem
263 1039 364 1112 gentis
386 1052 427 1096 ex
446 1051 508 1110 qua
530 1032 635 1100 luerit,
658 1044 720 1086 non
741 1024 873 1086 traditur
891 1052 939 1064 -
959 1018 1136 1075 Romamrc-

156 1129 274 1196 nerunt,
287 1122 469 1196 pollicentes
482 1118 523 1176 ad
531 1112 767 1175 Macedonicum
774 1108 890 1167 bellum
898 1098 1027 1162 auxilia.
1041 1091 1138 1168 matius

157 1205 195 1266 ab
217 1211 328 1265 senatu
351 1210 440 1263 actae
458 1204 648 1273 muneraque
672 1194 785 1265 missa,
809 1187 935 1262 torquis
957 1195 1071 1244 aureus
1089 1175 1138 1234 duo

158 1287 262 1362 pondo
279 1293 309 1345 et
324 1293 449 1360 paterae
464 1297 578 1342 aureae
595 1285 742 1354 quattuor
757 1273 874 1349 pondo,
896 1283 1003 1344 equus
1020 1263 1138 1338 phalera·

157 1378 205 1429 tus
221 1385 369 1441 annaque
381 1364 546 1441 equestria.
572 1361 746 1424 secundum
756 1359 862 1418 Gallos
874 1347 1052 1426 Pamphylii
1067 1339 1140 1416 legati

160 1466 306 1546 coronam
321 1465 448 1509 auream
468 1463 509 1506 ex
528 1445 635 1520 viginti
656 1443 779 1504 milibus
794 1438 1033 1512 Philippeorum
1048 1430 1139 1487 lactan

159 1550 189 1590 m
201 1532 316 1592 curiam
328 1533 502 1602 intulerunt,
514 1529 753 1603 petentibusque
765 1524 814 1597 iis,
827 1529 863 1583 ul
873 1521 907 1579 id
915 1521 1034 1579 donum
1045 1507 1142 1571 incella

157 1615 242 1710 lovis
272 1615 379 1688 optimi
408 1613 534 1671 maximi
559 1624 676 1687 ponere
698 1617 729 1668 et
754 1607 937 1668 sacrificare
958 1603 991 1661 in
1012 1590 1140 1670 Capitolio

159 1698 278 1794 liceret,
300 1697 504 1773 permissum
524 1694 721 1770 benigneque
743 1690 910 1750 amicitiam
931 1693 1083 1745 renovare
1100 1689 1140 1732 vo

159 1780 292 1876 lentibus
308 1782 419 1856 legatis
430 1795 627 1856 responsum,
643 1777 790 1838 etbinum
799 1773 918 1832 milium
936 1768 1019 1828 aeris
1034 1754 1142 1834 singulis

159 1878 287 1958 missum
299 1881 423 1928 munus.
447 1872 510 1923 tum
526 1863 565 1922 ab
577 1878 652 1937 rege
663 1859 772 1919 Prusia
784 1864 815 1916 et
827 1857 923 1930 paulo
941 1856 1017 1927 post
1030 1846 1066 1905 ab
1078 1841 1143 1902 Rho·

160 1945 217 2002 dns
240 1945 280 2002 de
306 1948 476 2030 eademre
502 1946 593 2020 longe
619 1945 707 2004 aliter
732 1942 928 2000 disserentes
949 1930 1043 2009 legati
1067 1919 1141 1987 auditi

161 2032 242 2084 sunt
279 2033 413 2122 utraque
439 2027 551 2101 legatio
579 2028 619 2087 de
644 2041 723 2101 pace
743 2020 981 2084 reconcilianda
1004 2029 1070 2074 cum
1088 2019 1146 2078 rell

159 2107 274 2164 Perseo
291 2117 364 2201 agit.
388 2109 518 2169 Prusiae
534 2126 644 2183 preces
659 2109 758 2184 magis
774 2122 867 2182 quam
885 2099 1055 2178 postulatio
1069 2095 1146 2158 luere,

161 2185 334 2260 profitentis
356 2198 388 2249 et
409 2193 450 2250 ad
470 2191 501 2249 id
524 2199 649 2266 tenipus
664 2209 700 2252 se
715 2207 784 2251 cum
800 2188 954 2250 Romanis
976 2182 1107 2244 stetisse,
1125 2177 1148 2228 ll

161 2266 264 2342 quoad
281 2268 398 2364 bellum
415 2273 504 2367 iuret,
520 2281 682 2335 staturum.
712 2281 849 2334 ceterum
865 2287 938 2331 cum
956 2269 998 2328 ad
1013 2281 1048 2326 se
1062 2259 1148 2320 aPer-

161 2363 216 2442 {eo
239 2349 331 2444 legati
353 2363 517 2416 venissent
537 2357 577 2416 de
598 2359 735 2418 finiendo
759 2373 828 2416 cum
842 2354 998 2414 Romanis
1020 2347 1110 2414 bello,
1127 2343 1149 2395 el

159 2445 197 2524 ¹¹?
210 2430 380 2528 P0¹¹¹0¹tum
392 2437 631 2510 deprecatorem
644 2441 728 2514 apud
742 2448 883 2499 senatum
892 2438 1040 2503 futurum,
1054 2434 1150 2503 petere,

160 2527 186 2606 ξι
202 2523 334 2582 Possem
349 2517 501 2578 inducere
518 2520 548 2579 in
564 2523 699 2582 animum
715 2530 750 2583 ut
763 2523 873 2581 finiant
886 2520 976 2591 irum,
993 2532 1029 2577 se
1044 2517 1150 2588 quoque

160 2607 190 2650 rn
210 2593 309 2686 gratla
328 2599 553 2662 reconciliatae
571 2606 659 2680 pacis
681 2611 843 2681 ponerent.
869 2603 951 2664 haec
972 2596 1049 2674 regii
1068 2584 1151 2666 legati.

159 2671 271 2730 Rh⁰d¹¹
286 2680 426 2749 suPerbe
442 2689 697 2749 commemoratis
714 2687 831 2749 meritis
853 2702 929 2762 erga
945 2683 1091 2761 populum
1104 2673 1151 2730 Ru
1177 2691 1178 2700 ¹

159 2768 296 2844 'nalum’
324 2765 356 2818 θῑ
381 2777 491 2838 ΡὲκεηθΙ
509 2768 678 2843 victoriae,
706 2773 814 2846 utique
843 2772 883 2830 de
908 2765 1064 2830 Antiocho
1083 2767 1150 2828 rege»

161 2847 277 2890 mamre
294 2845 382 2906 parte
398 2844 440 2902 ad
456 2861 494 2903 se
509 2847 688 2929 vindicata,
710 2852 907 2928 adiecerunt,
929 2869 1002 2913 cum
1017 2861 1078 2923 pax
1090 2841 1151 2900 inter

160 2911 351 3050 ffisssssissgogas
367 2920 599 3002 Romanosque
615 2945 719 3013 esset,
741 2938 801 2998 sibi
822 2937 989 2997 amicitiam
1010 2946 1077 2992 cum
1094 2931 1151 2992 rege

162 3005 446 3141 quoniamofigtaff'
478 3021 549 3104 ⁰³¹9
566 3029 605 3110 ⁸¹}
620 3017 755 3096 invitos,
774 3024 858 3082 nullo
873 3021 943 3081 eius
959 3020 990 3078 in
1006 3032 1041 3076 se
1054 3005 1151 3070 merito,

160 3149 278 3210 trahere
317 3155 360 3214 Η
430 3100 555 3180 omanis
574 3111 683 3162 visum
711 3106 753 3168 sit
777 3106 808 3164 in
834 3104 1016 3165 societatem
1041 3111 1075 3157 se
1096 3081 1152 3148 belli
1179 3114 1181 3117 ’

161 3173 537 3300 οοητητοᾶᾶῃὴῗιῖμριεεθί
570 3180 700 3246 tergum
724 3205 759 3249 se
780 3205 895 3248 annum
916 3186 1011 3248 multa
1036 3181 1097 3240 eius
1118 3169 1152 3226 in-

160 3314 255 3384 Premi
270 3261 430 3380 insulaml·
452 3259 582 3315 sanare,
624 3272 709 3331 mari
735 3272 817 3332 enim
846 3273 1015 3331 Ῑῦῑθῑθῑῑῑὸῡ
1045 3249 1154 3338 penuria

161 3399 381 3458 commeatibus
422 3341 553 3426 lnopgm
568 3345 703 3412 amissis
720 3354 878 3416 maritimis
891 3354 931 3391 **
947 3347 1065 3412 colendi
1077 3345 1151 3409 atque

385 3446 392 3457 .
421 3422 494 3470 cum
506 3416 539 3474 ul
550 3421 636 3486 ultra
648 3437 717 3504 pati
733 3455 795 3498 non
812 3443 953 3512 possent,
969 3421 1151 3508 lagatosalios
