2328 3870
123 213 226 274 lllllll
240 213 297 273 XL.
321 214 404 274 CAP.
419 222 518 277 sess.
542 221 579 288 [ι.
591 237 614 273 c.
627 221 661 274 u.
674 225 735 280 ers.
751 239 775 280 a.
789 223 822 280 c.
836 224 898 291 180]
951 217 994 282 St

56 369 133 430 codem
152 384 227 428 anno
248 376 368 428 centum
389 365 515 428 obsides
530 366 656 443 redditi,
677 384 849 446 pacemque
868 385 937 432 cum
955 371 993 433 iis

54 453 154 527 populus
172 451 325 513 Romanus
345 467 407 513 non
427 451 465 511 ab
486 467 522 512 se
541 457 656 511 tentum
677 452 734 512 scd
753 452 791 512 ab
811 468 884 528 rege
904 454 993 516 etiarn

51 535 180 596 Masinissa
193 533 349 610 praestitit,
365 536 417 610 qui
431 550 500 596 cum
515 535 670 612 pracsidio
682 542 798 597 armeto
810 551 925 611 ugrum,
942 538 993 612 qui

49 620 69 677 in
80 618 268 680 conuorcrsia
279 625 354 692 erm,
370 617 534 680 obtinebat

109 701 218 762 XXXV.
241 699 378 763 Otiosum
392 702 582 778 provinciam
597 704 742 764 consules
757 701 938 764 habuerunt
950 703 993 764 Μ.

48 783 148 844 Baebius
171 786 361 848 comitiorum
385 801 481 848 ceusu
505 786 633 846 Romam
656 793 822 847 revocatus
847 787 993 850 consules

46 868 131 927 ceant
141 871 175 928 A.
189 869 379 931 Postumium
393 867 536 930 Albinum
551 870 685 930 Luscum
705 877 736 930 ct
750 869 781 930 C.
798 868 993 945 Calpurniano

44 949 162 1010 lironem.
182 961 343 1028 praetores
358 952 471 1014 exinde
481 953 553 1012 lacti
563 953 606 1013 'li
619 951 823 1028 Sempronius
835 953 992 1017 Gracchus

43 1031 66 1090 l.
75 1031 229 1097 Postumius
242 1035 374 1096 Albinus
385 1033 418 1096 P.
429 1036 588 1097 Cornelius
598 1035 770 1110 Mammula,
784 1035 828 1098 li.
839 1037 991 1100 Minucius

42 1113 181 1178 Molliculus
201 1121 238 1178 Α.
260 1115 410 1180 Hostilius
429 1119 590 1180 Mancinus
611 1119 642 1179 C.
662 1119 813 1180 Maenius.
839 1117 861 1180 ii
882 1136 990 1182 omncs

42 1199 215 1274 mgistratum
229 1201 334 1263 idibus
348 1202 464 1262 Martiis
480 1203 620 1262 inierunt.
642 1253 647 1262 .

101 1283 240 1361 Principio
256 1283 324 1346 aius
339 1287 426 1360 unni,
449 1300 511 1361 quo
526 1287 564 1344 Α.
579 1284 755 1346 Postumius
768 1283 899 1346 Albinus
914 1294 945 1347 et
959 1287 991 1347 C.

42 1363 190 1442 lalpumius
200 1368 273 1429 Piso
289 1371 434 1430 consules
449 1370 580 1442 inierunt,
595 1369 634 1428 ab
645 1371 683 1427 Α.
695 1367 851 1429 Postumio
864 1371 991 1431 consule

42 1447 61 1504 in
76 1458 195 1512 senatum
214 1451 379 1513 introducti
401 1453 453 1528 qui
472 1467 512 1511 ex
527 1451 677 1526 Hispania
691 1452 832 1513 citeriore
845 1462 991 1516 venerunt

42 1531 92 1604 ab.
103 1533 200 1596 Fulvio
221 1535 350 1609 Flacco,
371 1537 405 1595 L.
428 1535 581 1596 Minucius
601 1536 721 1611 legatus
742 1544 773 1598 et
792 1537 853 1598 duo
874 1537 987 1598 tribuni

42 1613 144 1692 nillum,
155 1620 185 1678 T.
193 1618 335 1680 Maenius
347 1627 377 1680 et
386 1618 419 1678 L.
431 1618 588 1680 Terentius
598 1618 788 1681 Massaliota.
802 1618 833 1681 hi
845 1635 914 1680 cum
926 1620 987 1682 duo

42 1701 144 1760 secundo
162 1703 295 1777 proclia,
316 1702 389 1763 inde
404 1702 589 1763 deditionem
604 1703 797 1776 Celtiberiae,
818 1703 989 1765 coniectum

42 1783 409 1859 productam-nuntiassent
424 1801 482 1845 nec
497 1784 660 1860 stipendio,
677 1785 762 1861 quod
777 1782 851 1846 mitti
865 1786 989 1860 soleret,

41 1877 79 1922 nec
94 1867 232 1931 birmento
254 1877 374 1944 portato
396 1870 436 1929 cd
457 1868 623 1928 exercituin
643 1869 674 1929 in
695 1883 894 1929 ecmannum
909 1885 988 1943 opus

41 1959 102 2021 csse,
124 1952 273 2026 petierunt
292 1953 331 2012 ub
352 1960 464 2014 senatu
482 1952 627 2027 primum,
652 1958 685 2011 ut
704 1952 745 2012 ob
765 1966 817 2011 res
839 1966 990 2026 prospere

41 2037 117 2100 nutas
134 2036 188 2097 diis
209 2036 431 2098 immortalibus
451 2035 553 2096 honos
573 2033 750 2109 hobarum,
776 2034 888 2096 deinde
907 2043 942 2096 ut
954 2036 989 2109 Q.
1089 2073 1092 2078 ·

40 2109 117 2176 lnlvio
135 2119 294 2181 decedenti
315 2121 354 2182 de
369 2117 528 2194 provincio
543 2120 706 2194 deportare
722 2117 794 2178 inde
811 2119 988 2193 exercitum,

42 2197 102 2258 onos
120 2201 182 2264 lorti
203 2219 301 2280 opero
315 2211 346 2264 et
365 2205 434 2278 ipse
448 2203 577 2264 etmulti
591 2211 662 2264 onte
676 2218 746 2263 eum
761 2210 919 2279 praetores
938 2204 987 2265 usi

40 2289 124 2355 essent
138 2285 250 2348 liceret.
273 2288 356 2362 quod
371 2286 447 2358 fleri,
467 2293 681 2362 praeterquam
697 2287 781 2362 quod
796 2289 837 2346 ita
851 2287 986 2361 deberet,

41 2362 104 2425 eiam
121 2384 212 2445 prope
235 2371 445 2432 necessarium
464 2386 551 2431 osse:
573 2371 614 2430 ita
632 2370 712 2431 enim
728 2370 899 2432 obstinatos
914 2385 987 2432 csso

40 2445 134 2525 uilitas,
153 2463 185 2514 ut
203 2471 266 2515 non
286 2457 363 2514 ultra
379 2454 501 2514 retineri
517 2467 613 2529 posse
627 2456 657 2515 in
674 2453 832 2529 provincio
847 2453 987 2514 videren-

41 2533 83 2602 ltu,
99 2534 273 2614 iniussuque
287 2539 396 2599 obituri
410 2537 481 2597 inde
496 2545 615 2610 essent,
638 2537 742 2597 sinon
758 2537 986 2610 dimitterentur,

40 2621 74 2672 ant
84 2616 106 2676 in
120 2624 334 2694 perniciosam,
351 2619 378 2681 si
393 2621 462 2695 quis
477 2623 617 2696 impense
631 2622 789 2689 retineret,
806 2619 987 2679 seditionem

39 2705 154 2763 transui.
184 2705 363 2767 consulibus
384 2703 534 2765 ambobus
556 2702 745 2779 provinciam
765 2702 894 2776 ligures
915 2717 987 2764 esse

40 2791 133 2846 unctus
148 2787 243 2852 iussit.
272 2796 431 2864 praetores
444 2787 516 2849 inde
530 2786 628 2849 sortiti
642 2794 728 2848 sunt:
749 2787 778 2844 ,t
790 2784 922 2848 Hostilio
936 2805 986 2848 un·

39 2857 107 2941 bona,
123 2871 162 2930 li.
176 2873 311 2934 Minucio
332 2871 495 2948 peregrina
508 2872 646 2942 obvenit,
667 2871 700 2930 P.
718 2869 858 2930 Cornelio
873 2869 985 2946 Sicilia,

25 2941 170 3037 blittolo
193 2956 344 3018 Sardinia.
372 2956 539 3031 Hispanias
559 2955 657 3017 sortiti
672 2954 705 3013 L.
720 2953 894 3015 Postumius
910 2955 984 3016 ulte·

39 3039 134 3109 noram,
152 3038 193 3098 Ti.
210 3039 411 3116 Sempronius
432 3040 612 3100 citeriorem.
645 3039 671 3097 is
693 3038 766 3113 quia
779 3041 984 3100 successurus

40 3106 63 3203 ⁹.-
72 3112 161 3182 buno
174 3124 286 3185 Flacco
300 3131 381 3196 erut,
403 3138 443 3183 nc
462 3131 567 3183 uetere
587 3123 724 3182 exercitu
737 3122 896 3197 provincia
911 3139 984 3197 spo-

40 3189 143 3277 iuretur,
163 3213 319 3283 ‚,quaero“
341 3207 442 3282 inquit
455 3206 515 3279 „de
530 3214 575 3281 te,
595 3207 629 3266 L.
645 3203 774 3279 Minuci,
796 3221 865 3267 cum
880 3207 983 3268 conie-

40 3283 95 3366 tlon
108 3291 285 3360 provinciam
299 3290 428 3362 nuntias,
444 3289 642 3351 existimesne
652 3288 820 3350 Celtiberos
833 3295 982 3364 perpetuo

41 3371 60 3416 ¹¹¹
70 3362 118 3428 fldc
130 3387 295 3449 mansuros,
311 3376 352 3435 itu
362 3380 396 3434 ut
409 3373 477 3432 sine
488 3375 624 3434 exercitu
635 3389 672 3433 aa
684 3372 843 3448 provincie
855 3370 983 3430 obtineri

41 3451 119 3513 losslt.
144 3457 287 3534 sineque
308 3457 429 3519 deiide
449 3456 648 3517 barbarorum
668 3456 831 3594 octogonam
845 3449 983 3525 recipere
