2368 3858
249 187 364 247 LIBER
378 187 469 246 XLV.
492 188 574 247 CAP.
588 197 631 250 38.
655 197 692 264 [a.
704 196 735 248 C.
751 197 812 262 167]
959 192 1021 258 291

50 341 117 400 bano
139 339 379 414 triumpharunm
408 356 498 401 nemo
515 341 549 400 L.
564 340 659 401 Paulo
675 342 772 417 magis
788 342 907 418 eripere
925 346 1020 408 decus

52 423 164 499 perlecti
183 424 256 485 belli
279 424 469 485 Macedonici
497 431 600 499 potest
622 442 714 501 quam
737 427 768 486 C.
789 426 908 488 Lutatio
932 430 1021 504 primi

51 509 140 568 Punici
155 508 243 582 belli,
264 525 355 584 quam
369 508 402 567 P.
419 509 560 569 Cornelio
575 508 720 583 secundi,
737 527 829 586 quam
843 511 902 571 illis
919 514 971 588 qui
987 513 1020 549 **

2 625 3 650 ;
49 592 312 667 triunrphaverunt;
342 608 400 652 nec
426 593 459 652 L.
478 591 605 652 Paulum
628 593 776 654 minorem
798 603 851 655 aut
873 597 1020 658 maiorem

2 694 3 744 l
48 677 251 750 imperatorem
270 676 442 751 triumphus
464 675 556 736 faciet
573 698 630 732 -z
655 677 781 739 militum
796 682 893 754 magis
914 681 945 740 in
960 680 1021 742 hoe

2 766 7 834 t
47 760 235 835 universique
250 760 357 836 populi
371 761 501 822 Romani
516 761 596 821 lama
611 760 720 836 agitur,
741 763 871 839 primum
889 779 928 823 ne
942 764 1019 824 invi-

2 843 4 872 ²
47 844 103 903 diae
124 851 155 904 et
176 844 287 918 ingrati
303 843 394 905 animi
415 847 566 905 adversus
586 844 788 906 clarissimum
807 863 962 924 quemque
977 847 1018 910 ci·

2 929 5 962 ¹·
48 944 103 987 vern
119 928 296 1003 opinionem
313 927 439 1001 habeat,
464 937 495 990 et
508 929 616 990 imitari
637 929 668 988 in
682 928 742 990 hoc
757 933 906 1007 populum
921 932 1018 994 Athe-

46 1013 182 1086 niensem,
195 1013 380 1072 lacerantem
391 1013 505 1072 invidia
516 1013 768 1088 principessu0S,
780 1015 928 1076 videatur.
942 1017 1018 1077 satis

45 1103 196 1170 peccatum
210 1096 241 1156 in
257 1095 381 1159 Camillo
397 1113 416 1156 a
430 1097 596 1158 maioribus
611 1099 723 1158 vestris
739 1105 795 1170 est,
812 1116 903 1174 quem
917 1107 1018 1159 tamen

45 1188 103 1240 ante
121 1187 280 1255 receptam
300 1196 358 1256 per
379 1197 449 1242 eum
471 1197 491 1241 a
514 1182 608 1242 Gallis
631 1181 737 1260 urbem
752 1182 920 1253 violarunt;
942 1183 1018 1243 satis

45 1263 164 1340 insuper
183 1281 203 1324 a
220 1263 312 1326 vobis
327 1265 357 1324 in
371 1264 404 1324 P.
420 1263 576 1326 Africano.
594 1264 709 1326 Literni
723 1265 908 1326 domicilium
926 1273 956 1326 et
969 1281 1018 1326 se·

45 1348 103 1408 dem
118 1349 215 1410 luisse
230 1349 389 1410 domitoris
402 1351 541 1410 Africae!
564 1349 677 1411 Literni
694 1351 871 1426 sepulcrum
883 1350 1017 1412 ostendi!

44 1434 269 1507 erubescamus,
294 1433 393 1508 gloria
417 1433 445 1493 si
469 1449 526 1510 par
545 1435 605 1494 illis
625 1433 698 1495 viris
719 1435 753 1494 L.
774 1435 887 1497 Paulus
908 1433 1018 1495 iniuria

44 1526 137 1578 restra
157 1523 357 1593 exaequetur.
386 1517 464 1578 haee
479 1518 570 1592 igitur
585 1518 716 1594 primum
731 1519 856 1580 infamia
871 1520 1016 1594 deleatur,

45 1601 127 1661 loeda
147 1600 231 1676 apud
251 1601 328 1662 alias
352 1608 476 1676 gentes,
502 1602 653 1664 damnosa
678 1604 760 1679 apud
782 1611 916 1665 nostros.
947 1604 1016 1677 quis

44 1685 115 1744 enirn
135 1691 188 1744 aut
206 1685 344 1745 Africani
364 1694 418 1746 aut
430 1685 517 1746 Pauli
538 1686 645 1746 similis
660 1705 723 1748 esse
737 1690 769 1746 in
784 1688 902 1762 ingrata
916 1695 947 1749 et
960 1686 1016 1746 ini-

44 1769 113 1828 mica
136 1769 227 1829 bonis
256 1769 377 1830 civitate
398 1770 492 1830 velit?
523 1771 550 1830 si
571 1770 696 1829 infamia
718 1772 800 1830 nulla
820 1775 906 1830 esset
926 1777 956 1828 et
977 1769 1016 1828 de

44 1853 130 1924 gloria
149 1859 265 1914 tanturn
281 1859 437 1928 ageretur,
459 1855 512 1930 qui
527 1855 650 1914 tandem
666 1853 837 1928 triumphus
854 1871 917 1914 non
932 1868 1015 1913 eom-

44 1951 155 1996 munem
180 1937 314 1998 nominis
338 1938 469 1998 Romani
492 1939 621 2012 gloriam
645 1937 759 1997 habet?
790 1944 835 2000 tot
859 1937 898 1997 de
920 1937 1016 1996 Gallis
1105 1994 1107 1999 .

43 2017 191 2097 triumphi,
210 2026 256 2083 'tot
272 2023 312 2082 de
326 2021 488 2098 Hispanis,
506 2028 551 2082 tot
564 2022 604 2082 de
617 2020 730 2082 Poenis
746 2021 885 2097 ipsorum
900 2030 1016 2081 tantum

43 2103 248 2179 imperatorum
263 2122 303 2165 an
318 2107 425 2182 populi
435 2107 565 2166 Romani
578 2106 742 2168 dicuntur?
757 2105 1016 2182 quemadmodum

43 2204 96 2248 non
115 2190 154 2250 de
173 2189 293 2268 P'yrrho
314 2190 406 2251 modo
428 2205 486 2250 nee
502 2191 541 2250 de
554 2191 725 2252 Hannibale
739 2209 794 2252 nee
807 2192 945 2268 Philippo
959 2188 1016 2250 sed
1047 2223 1056 2238 ·

43 2271 77 2330 de
88 2273 220 2348 Epirotis
238 2273 602 2350 Carthaginiensibusque
623 2282 653 2335 et
666 2275 889 2336 Macedonibus
911 2275 1015 2334 trium-

43 2354 88 2428 phi
101 2359 159 2417 acti
175 2366 255 2432 sunt,
274 2359 319 2418 sic
333 2376 396 2421 non
412 2359 462 2418 Μ’.
478 2358 586 2419 Curius
603 2366 718 2422 tanturn
734 2375 792 2420 nec
805 2358 838 2418 P.
856 2359 1014 2419 Cornelius

42 2457 89 2500 aec
105 2442 136 2502 T.
153 2443 314 2517 Quinctius,
336 2443 393 2504 sed
409 2442 539 2504 Romani
552 2444 784 2519 triumpharunt.
807 2444 931 2503 militum
949 2443 1015 2516 qui-

44 2523 104 2584 dem
124 2525 254 2602 propria
275 2533 323 2587 est
344 2543 453 2599 causa,
480 2529 532 2602 qui
552 2535 582 2588 et
601 2527 661 2602 ipsi
682 2525 809 2586 laureati
831 2534 861 2586 ct
882 2525 1015 2599 quisque

43 2606 123 2670 donis
150 2610 262 2686 quibus
293 2611 398 2673 donati
424 2619 494 2672 sunt
518 2612 656 2686 insignes
682 2609 866 2683 triumphum
892 2607 1013 2667 nominc

44 2690 126 2766 cient,
149 2709 286 2770 suasque
299 2702 330 2755 et
344 2695 537 2770 imperatoris
552 2696 660 2756 laudes
676 2701 821 2754 canentes
838 2707 893 2767 per
907 2692 1014 2752 urbem

43 2772 186 2837 incedunt.
215 2779 242 2838 si
265 2780 389 2852 quando
411 2795 473 2840 non
496 2779 649 2855 deportati
670 2794 709 2838 ex
730 2777 889 2852 provincia
903 2774 1014 2836 milites

43 2859 77 2917 ad
88 2862 271 2937 triumphum
286 2863 355 2936 sint,
370 2864 510 2940 fremunt,
533 2871 562 2924 et
578 2871 676 2925 tamen
693 2869 755 2922 turn
771 2878 896 2938 quoque
911 2877 945 2922 se
961 2861 1014 2920 ab·

2 3018 3 3032 ¹
44 2953 151 3017 sentes,
168 2947 254 3021 quod
268 2947 334 3006 suis
350 2948 491 3008 manibus
506 2954 594 3024 parta
607 2948 735 3008 victoria
751 2947 804 3022 sit,
826 2946 1014 3022 triumphare

43 3029 168 3089 credunt.
197 3031 224 3090 si
241 3030 310 3105 quis
325 3047 383 3092 vos
398 3031 579 3107 interroget,
594 3032 719 3104 milites,
741 3032 782 3090 ad
798 3049 890 3106 quam
904 3047 968 3091 rem
984 3031 1014 3088 in

43 3107 145 3172 ltaliam
160 3114 313 3190 deportati
329 3122 359 3176 et
373 3131 433 3176 non
449 3115 550 3177 statim
566 3115 706 3176 coniecta
721 3114 882 3189 provincia
895 3114 1014 3175 dimissi

2 3227 3 3270 p
44 3191 115 3270 sitis,
137 3197 211 3273 quid
226 3199 355 3259 Romam
370 3200 546 3274 frequentes
569 3201 628 3260 sub
643 3199 741 3274 signis
756 3199 917 3272 venantie,
939 3196 1014 3272 quid

2 3339 3 3362 ,
43 3283 189 3342 moremini
210 3282 259 3342 hie
282 3291 313 3343 et
332 3300 395 3344 non
418 3283 532 3344 diversi
555 3284 664 3345 domos
684 3284 815 3358 quisque
830 3281 946 3341 abeatis
961 3295 1013 3338 ve-

2 3369 3 3424 l
43 3367 127 3438 suas,
153 3366 228 3440 quid
249 3367 332 3426 aliud
352 3367 585 3443 respondeatis,
612 3384 705 3443 quam
721 3382 777 3426 vos
793 3364 1014 3438 triumphantes

2 3459 3 3526 ᾗ
44 3444 128 3508 rideri
147 3451 247 3510 vellet
274 3467 332 3512 vos
349 3460 431 3512 certe
445 3453 577 3513 victores
596 3450 734 3526 conspici
750 3449 829 3508 velle
844 3445 1011 3507 debebatis.

2 3533 3 3538 ’
753 3536 808 3591 19*
