2364 3862
167 207 230 271 258
343 207 460 267 LIBER
472 206 562 264 XLV.
585 203 669 264 GAP.
680 213 706 264 5.
719 212 744 266 6.
762 205 797 281 [a.
811 208 844 260 U.
858 225 883 260 c.
896 207 958 276 584]

168 358 249 418 dicio
263 372 326 417 non
340 356 475 427 auderet,
495 355 638 414 liberaret
657 354 805 427 religione
818 355 965 427 templum
979 369 1015 413 ao
1030 353 1132 412 sibimet

168 442 238 516 ipse
252 441 435 501 consuleret.
456 438 588 497 Perseus
603 443 749 497 sevocato
760 436 904 498 Euandro
919 436 1061 496 iudicium
1074 435 1129 495 sub

168 523 261 584 eundi
275 524 359 583 nullo
370 529 460 596 paeto
472 528 579 581 auctor
589 535 676 580 esse:
691 535 749 580 nee
760 533 855 580 causa
867 534 925 578 nee
934 518 1032 593 gratia
1043 534 1131 595 parem

169 608 244 668 iore.
277 606 402 666 suberat
416 612 446 665 et
459 605 509 663 ille
523 611 632 676 metus,
648 619 687 662 ne
702 605 864 664 damnatus
877 607 1034 664 auctorem
1047 617 1080 662 se
1091 615 1131 659 ne

169 689 253 750 landi
279 688 423 748 lacinon's
449 687 647 762 protraheret
686 686 799 760 reliqui
825 687 1010 760 quidesse,
1035 683 1133 744 uisiut

169 773 285 833 forhter
302 771 467 831 moriatur?
487 769 559 829 nihil
574 771 673 844 palam
689 769 824 830 abnuere
834 768 993 836 Euander3
1008 769 1066 828 sed
1079 783 1132 828 cum

168 870 289 915 veneno
305 869 341 915 se
355 855 445 913 malle
458 852 536 914 orori
555 869 646 928 quam
660 855 741 912 lerro
758 851 896 926 dixisset
912 852 1033 913 occulte
1047 852 1133 924 lugam

169 937 307 1013 parabat.
342 937 426 1012 quod
442 952 510 997 cum
524 937 726 996 renuntiatum
744 936 811 1010 regi
831 942 930 1008 esset,
951 941 1088 994 metuens
1104 947 1133 991 ne

167 1029 323 1097 tamquam
343 1037 362 1080 a
382 1036 417 1080 se
437 1021 593 1080 subtracto
614 1034 733 1094 poenae
752 1033 806 1080 reo
828 1019 902 1078 116111
918 1017 1134 1080 Samothracum

168 1105 199 1164 in
214 1119 249 1165 se
265 1111 470 1176 converteret,
490 1103 618 1164 interfici
631 1103 808 1163 Euandrum
828 1102 926 1164 iussit.
964 1117 1027 1177 qua
1042 1114 1134 1176 perpe·

168 1194 247 1248 hala
260 1195 373 1248 temere
388 1188 483 1247 caede
498 1187 581 1247 subit
591 1186 744 1262 externplo
767 1185 899 1246 animum
913 1185 943 1246 in
959 1201 995 1246 se
1010 1185 1134 1244 nimirum

168 1277 321 1346 receptam
331 1271 439 1344 labem,
456 1269 811 1345 quaelluandriiuissem
828 1270 866 1330 ab
880 1269 932 1329 illo
943 1267 1072 1344 Delphis
1082 1267 1135 1326 vul·

168 1361 306 1415 uerutum
316 1353 481 1427 Eumenen,
494 1355 532 1414 ab
540 1369 575 1414 16
586 1353 803 1414 Samothracae
808 1352 984 1414 Euandrum
996 1352 1135 1418 occisum

168 1438 209 1496 ita
229 1438 290 1497 duo
306 1436 500 1496 sanctissima
519 1437 549 1496 in
570 1437 660 1497 terris
680 1438 793 1511 templa
810 1452 845 1497 se
859 1452 921 1497 uno
937 1443 1064 1496 auctore
1078 1449 1135 1493 san·

168 1520 261 1593 guina
274 1518 407 1578 humano
421 1519 543 1580 violata.
565 1520 655 1580 huius
669 1521 714 1580 161
729 1519 842 1580 crimen
858 1526 1003 1594 corrupto
1020 1517 1136 1594 pecunia

169 1601 315 1664 Theonda
329 1602 488 1676 avertitur,
509 1611 542 1663 ut
563 1603 750 1664 renuntiaret
769 1605 884 1678 populo
899 1602 1076 1662 Euandrum
1090 1599 1136 1660 sibi

168 1685 269 1760 ipsum
285 1694 412 1746 mortem
426 1685 596 1747 conscisse.
636 1687 688 1746 Vl.
718 1692 850 1746 ceterum
867 1692 950 1746 tanto
967 1684 1102 1746 facinore
1114 1683 1137 1740 in

167 1768 290 1830 unicum
305 1770 443 1830 relictum
457 1770 587 1830 amicum
604 1770 785 1842 commisso,
802 1785 858 1844 per
871 1775 916 1831 tot
930 1785 1024 1828 casus
1039 1782 1137 1842 erper-

166 1859 239 1927 tum,
262 1855 477 1928 proditumque
498 1853 571 1928 quia
591 1869 651 1912 non
671 1853 866 1927 prodiderat,
890 1852 1026 1913 omnium
1050 1851 1088 1910 ab
1111 1865 1140 1908 se

168 1935 351 1996 abalienavit
364 1937 492 2014 animos.
510 1951 567 2011 pro
583 1951 618 1995 se
633 1937 767 2010 quisque
778 1936 908 1996 transire
922 1937 963 1994 ad
973 1936 1138 2001 Romanos;

168 2020 321 2093 fugaeque
338 2020 499 2080 consilium
514 2035 626 2094 capere
639 2019 740 2079 solum
761 2034 859 2093 prope
879 2018 1019 2080 relietum
1039 2032 1139 2091 coege

166 2108 245 2176 runt,
261 2101 495 2177 Oroandemque
509 2103 692 2175 Cretensem,
708 2101 756 2162 cui
768 2101 993 2163 uotaThraciae
1008 2117 1063 2162 ora
1075 2106 1142 2172 erat,

168 2183 241 2258 quia
254 2192 440 2244 mercaturas
455 2184 486 2244 in
501 2203 538 2246 ea
552 2186 678 2260 regione
692 2187 814 2259 iecerat,
828 2187 972 2260 appellat,
993 2183 1141 2245 utsesub-

168 2268 259 2325 latum
283 2268 315 2326 in
339 2269 471 2328 lembum
496 2270 535 2329 ad
558 2270 663 2346 Cotym
687 2269 859 2328 deveheret.
894 2269 1079 2329 Demetrium
1101 2272 1144 2326 est

166 2357 274 2424 portus
288 2351 318 2410 in
334 2353 543 2426 promontorio
559 2352 692 2427 quodam
713 2350 945 2413 Samothracae:
972 2352 1015 2411 ibi
1029 2351 1142 2412 lembus

167 2433 275 2512 stabat.
310 2435 368 2495 sub
384 2451 529 2496 occasum
545 2437 620 2496 solis
637 2435 814 2496 deferuntur
835 2451 915 2510 quae
937 2436 977 2494 ad
991 2451 1081 2496 ustun
1095 2448 1143 2492 ne

168 2516 304 2577 cessaria
318 2525 419 2588 erant;
442 2520 577 2579 delentur
591 2526 623 2578 et
635 2518 782 2592 pecunia,
806 2524 919 2593 quanta
939 2521 1019 2578 clam
1038 2512 1143 2577 deterri

121 2648 126 2661 .
167 2606 295 2674 poterat.
330 2618 386 2662 rex
400 2603 469 2676 ipse
489 2609 579 2662 nocte
594 2601 694 2660 media
715 2617 784 2661 cum
799 2602 895 2662 tribus
908 2601 1045 2662 consciis
1060 2603 1145 2674 fugae

167 2697 224 2757 per
242 2685 395 2759 posticum
417 2685 537 2745 aedium
564 2685 593 2743 in
619 2685 828 2758 propinquum
854 2685 997 2746 cubiculo
1020 2684 1145 2753 hortum,
1174 2753 1176 2760 Ι

167 2773 258 2840 atque
269 2768 341 2827 inde
352 2767 514 2828 maceriam
525 2783 616 2841 aegre
627 2773 840 2842 transgressus
853 2769 989 2828 adulare
1001 2764 1145 2843 pervenit

168 2848 327 2910 Oroandes
337 2858 453 2912 tantum
463 2857 609 2924 moratus,
622 2851 832 2925 dumpeeunia
846 2851 1027 2926 deferretur,
1044 2848 1145 2926 primis
1174 2891 1176 2924 ;

167 2933 302 2994 tenebris
328 2937 462 2995 solverat
485 2950 594 2994 navem
618 2949 655 2994 ac
679 2950 736 3008 per·
762 2935 854 2995 altum
875 2934 995 2995 crelam
1018 2933 1145 3008 petebat

168 3022 331 3091 postquam
345 3019 374 3079 iu
386 3017 578 3093 portu-navis
593 3034 654 3078 nou
667 3017 789 3077 inventa
805 3025 862 3089 est,
876 3024 1008 3092 vagatus
1018 3017 1148 3076 Perseus
1174 3011 1176 3028 2

167 3098 353 3173 aliquamdiu
374 3102 403 3161 in
422 3102 529 3172 liltore,
552 3106 708 3174 postremo
724 3102 832 3161 timeus
846 3102 945 3161 lucem
961 3101 1021 3160 iam
1038 3115 1148 3174 appro-

165 3181 380 3258 pinquantem,
405 3184 435 3242 in
457 3181 624 3257 hospitium
651 3184 752 3244 redire
777 3201 839 3245 non
864 3200 975 3256 ausus,
989 3183 1034 3244 -111
1057 3185 1149 3242 latere

165 3267 269 3340 templi
284 3282 383 3341 prope
397 3267 540 3338 angulum
554 3267 717 3326 obscurum
730 3267 855 3327 delituit.
877 3267 966 3341 pueri
977 3267 1056 3341 regii
1068 3263 1151 3338 apud

165 3345 354 3408 Macedonas
374 3348 565 3406 vocabantur
586 3348 757 3422 principum
776 3348 862 3408 liberi
888 3350 928 3408 ad
948 3347 1150 3410 ministerium

167 3429 254 3489 electi
269 3432 366 3503 regis=
383 3445 420 3488 ea
436 3430 547 3489 cohors
563 3438 725 3503 persecuta
735 3447 838 3505 regem
850 3431 1018 3504 lugientem
1033 3447 1073 3492 ue
1086 3439 1153 3491 tum
