2368 3858
230 207 423 266 EPITOMAE
439 209 643 270 LlBRORUM
658 211 839 270 cvl-cxl.
959 211 1021 274 315

36 359 142 409 interque
160 367 186 397 ea
208 357 290 408 quibus
309 359 331 398 in
346 357 436 398 Nerviis
454 361 556 409 praeerat
570 358 597 402 Q.
613 359 702 408 Cicero,
724 359 751 398 ab
773 359 821 412 ipso
837 359 931 401 Caesare
945 357 1023 401 hostes

37 413 122 464 proelio
143 411 187 451 lusi
209 414 269 452 sunt.
289 411 320 454 M.
337 413 430 454 Crassus
450 412 531 453 bellum
548 411 636 452 Parthis
657 413 759 453 illaturus
774 412 910 465 Euphratem
931 414 1021 456 tlurlun·

37 467 132 515 transiit,
150 465 267 516 victusque
282 465 380 517 proelio,
396 466 418 504 in
433 475 477 516 quo
492 470 514 506 et
528 466 586 506 filius
601 467 649 506 eius
664 466 756 516 cecidit,
772 478 820 508 cnm
836 467 944 519 reliquias
958 479 1012 508 exer

36 521 92 561 eitns
108 522 130 559 io
146 519 226 559 collem
241 519 371 572 recepisset,
387 523 493 560 evocatus
506 520 528 558 in
546 519 681 572 colloquium
695 522 723 560 ab
739 521 841 561 hostibus
856 521 917 561 velut
930 520 957 561 de
966 533 1021 574 paee

35 575 131 622 acturis,
147 584 242 624 qnorum
257 573 365 612 duxerat
380 572 489 623 Surenas,
506 574 691 627 comprehensus,
706 576 772 615 etue
787 575 839 626 quid
855 576 920 615 vivus
934 581 1020 628 patere-

36 631 75 678 tur,
93 638 224 680 repugnans
239 625 369 667 interiectus
383 630 425 669 cst.

87 681 155 722 chl.
178 682 202 723 c.
218 680 300 721 Caesar
313 681 410 721 Treviris
430 682 451 720 in
467 679 540 720 Gallia
559 682 626 724 victis
639 683 719 723 iterum
735 682 756 723 in
773 683 909 724 Germaniam
924 682 1019 730 translit,

35 735 144 787 nulloque
165 737 196 774 ibi
212 733 275 774 hoste
289 736 380 774 invento
399 744 504 775 reversus
522 734 545 774 in
561 736 655 776 Galliam
671 736 788 778 Eburones
802 743 825 776 et
838 737 896 776 allas
909 737 1021 785 civitates,

36 801 90 841 quae
108 791 300 840 conspiraverant,
315 789 376 838 vicu,
393 791 416 829 et
429 799 503 840 regem
518 789 665 841 Ambiorigem
680 792 702 830 ln
718 791 769 842 luga
784 793 915 843 persecutus
929 792 972 829 est.
993 790 1019 831 P.

36 844 108 884 clodii
124 844 175 883 aT.
187 844 257 883 Annio
273 841 364 890 Milone,
380 843 498 883 candidato
513 843 648 892 consulatus,
664 845 735 896 Appia
751 844 787 884 vla
802 845 829 883 sd
839 843 938 883 Bovillas
952 842 1020 883 occisi

35 907 115 950 eorpus
131 897 198 948 plebs
214 898 235 936 in
251 897 311 936 curia
325 902 439 938 cremavit.
461 909 509 937 cum
524 898 647 938 seditiones
667 900 726 938 inter
745 897 877 939 candidatos
890 897 1021 938 consulatus

35 953 161 1004 Hypsaeum
176 951 303 1002 Scipionem
319 953 342 991 et
356 950 462 991 Milonem
478 955 566 1001 cuent,
586 953 623 1003 qul
638 953 706 993 armis
718 963 745 993 ac
759 953 781 991 vi
798 951 975 1000 contendebant,
991 948 1020 990 ad

35 1005 213 1058 comprimendas
227 1015 265 1045 eas
280 1005 320 1048 Gn.
336 1005 456 1057 Pompeius
470 1004 557 1056 legatus
571 1015 585 1044 a
598 1009 677 1046 senatu
692 1005 770 1046 consul
785 1007 875 1046 tertium
890 1006 962 1046 iactus
977 1009 1019 1053 est,

34 1061 115 1100 absens
136 1064 159 1100 et
179 1058 254 1108 solus,
275 1059 335 1110 quod
356 1059 413 1100 nulli
432 1059 470 1100 alil
491 1070 593 1111 nmquam
614 1060 714 1111 contigit.
734 1061 870 1111 quaestione.
887 1059 977 1098 decreta
993 1057 1021 1098 da

35 1116 103 1154 morte
117 1113 144 1154 P.
164 1112 249 1162 clodii,
265 1113 320 1153 Milo
334 1113 418 1153 iudicio
434 1113 551 1154 damnatus
565 1114 587 1154 in
603 1114 705 1154 exsilium
721 1118 785 1153 actus
800 1116 842 1155 est.
863 1113 901 1153 lex
915 1112 962 1153 lata
977 1114 1018 1160 est,

36 1171 57 1208 ut
75 1169 136 1208 ratio
157 1167 258 1208 absentis
272 1167 375 1207 Caesaris
394 1168 415 1207 in
436 1169 544 1220 petitione
564 1168 693 1207 consulatus
713 1166 832 1207 haberetur
845 1167 916 1207 invito
931 1169 954 1206 et
968 1176 1018 1204 eon·

35 1222 161 1262 tradicente
180 1222 211 1262 M.
233 1220 322 1261 Catone.
346 1225 460 1272 praeterea
480 1231 516 1261 res
536 1224 612 1273 gestas
631 1221 684 1265 ac.
701 1220 796 1262 Caesare
810 1219 918 1261 adversus
934 1218 1019 1266 Gallos,

36 1278 71 1327 qui
93 1286 166 1328 prope
188 1275 285 1314 universi
301 1274 495 1327 Vercingentorlge
509 1277 610 1316 Arverno
626 1275 682 1316 duce
697 1274 840 1324 deiecerunt,
859 1277 881 1314 et
896 1273 1020 1314 laboriosas

35 1330 165 1370 obsidiones
180 1329 267 1369 urbium
281 1330 390 1378 continet,
411 1330 470 1369 inter
483 1339 540 1380 quas
554 1329 643 1370 Avarici
663 1329 787 1380 Biturigum
802 1333 824 1370 et
839 1328 964 1380 Gergoviae
977 1329 1016 1367 Ar-

35 1395 162 1426 vernorum.

86 1438 165 1480 cvrir.
187 1438 212 1478 c.
232 1437 314 1478 Caesar
329 1439 405 1479 Gallos
426 1437 454 1477 sd
469 1437 565 1478 Alesiam
580 1438 647 1487 vicit,
667 1447 789 1489 omnesque
805 1436 892 1478 Galliae
907 1435 1018 1481 civitates,

36 1503 91 1544 qnae
106 1495 129 1532 in
145 1493 213 1531 armis
228 1491 322 1542 fuerant,
338 1493 359 1532 in
371 1491 506 1533 deditionem
518 1492 612 1544 accepit.
628 1492 653 1536 C.
664 1492 762 1539 Cassius,
778 1493 884 1543 quaestor
894 1489 926 1532 Μ.
936 1488 1018 1536 Crassi,

35 1545 142 1594 Parthos,
166 1547 204 1597 qui
219 1546 240 1585 ln
255 1545 342 1597 Syriam
356 1546 553 1596 transcenderant,
574 1545 662 1588 cecidit.
678 1546 699 1585 ln
715 1546 823 1598 petitione
838 1543 969 1586 consulatus
985 1541 1018 1584 M.

36 1602 89 1642 Cato
104 1600 219 1651 repulsam
235 1600 293 1649 tulit,
309 1600 390 1640 creatis
405 1600 533 1641 consulibus
546 1600 596 1642 Ser.
610 1599 711 1650 Sulpicio
726 1599 756 1640 Μ.
766 1599 882 1642 Marcello.
898 1597 924 1640 (l.
935 1597 1019 1638 Caesar

36 1655 170 1694 Bellovacos
184 1665 232 1693 cunr
247 1653 298 1694 aliis
313 1655 426 1695 Gallorum
443 1653 532 1706 populis
548 1655 640 1698 domuit.
661 1655 778 1706 praeterea
792 1653 946 1694 contentiones
962 1652 1019 1690 inter

36 1707 140 1748 eonsules
155 1707 183 1747 de
197 1717 326 1748 successore
342 1707 367 1750 C.
384 1707 474 1748 Caesari
495 1708 613 1757 mittendo,
636 1710 716 1759 agente
732 1706 753 1746 in
769 1709 847 1747 senatu
864 1707 896 1746 M.
911 1702 1018 1743 Marcello

37 1761 139 1810 consule,
161 1765 185 1800 ut
201 1761 282 1802 Caesar
302 1760 330 1802 ad
350 1762 479 1812 petitionem
500 1762 630 1802 consulatus
648 1761 747 1810 veniret,
767 1772 815 1800 cum
835 1760 855 1798 ls
871 1757 921 1809 lege
935 1756 981 1796 lata
996 1760 1019 1796 in

38 1819 122 1868 tempus
137 1815 267 1855 consulatus
280 1815 406 1867 provincias
420 1817 519 1856 obtinere
535 1817 633 1864 deberet,
649 1825 731 1866 resque
745 1825 758 1854 a
772 1814 803 1856 M.
820 1812 899 1853 lllbulo
915 1812 937 1849 ln
952 1811 1019 1861 Syria

51 1874 108 1910 estas
123 1871 231 1912 continet.

37 1882 49 1922 ς
89 1923 147 1966 clx.
169 1925 255 1965 Causae
270 1924 369 1964 civilium
384 1934 492 1964 armorum
507 1926 530 1962 et
545 1925 607 1962 initia
621 1923 760 1971 referuntur,
776 1920 976 1967 contentionesque
990 1915 1018 1955 de

37 1987 165 2018 successore
180 1977 206 2018 G.
223 1977 313 2017 Caesari
329 1977 449 2026 mittendo,
465 1988 513 2016 cum
528 1987 553 2016 se
568 1977 708 2019 dimissurum
724 1978 836 2016 exercitas
851 1975 953 2023 negaret,
974 1969 1017 2008 nisi

37 2043 50 2070 a
65 2031 174 2082 Pompeio
194 2030 361 2072 dimitterentur.
388 2033 411 2071 et
432 2031 457 2074 c.
478 2029 580 2071 Curionis
601 2031 683 2070 tribuni
703 2030 777 2082 plebis
796 2029 889 2080 primum
910 2024 1018 2064 adversus

39 2087 165 2134 caesarem,
181 2085 262 2126 deinde
276 2097 315 2136 pro
331 2085 426 2126 Caesare
440 2085 540 2124 actiones
554 2086 661 2129 continet.
678 2096 726 2124 curn
741 2086 833 2125 senatus
848 2080 973 2120 consultum
987 2076 1018 2116 la·

38 2143 94 2179 etum
109 2140 177 2186 esset,
194 2141 218 2178 ut
231 2148 350 2180 successor
364 2138 452 2179 Caesari
467 2139 602 2188 mitteretur,
618 2138 649 2180 Μ.
664 2140 760 2180 Antonio
776 2140 798 2177 et
812 2137 841 2180 (t.
856 2134 934 2176 Cassio
949 2131 1017 2173 tribn-

39 2194 71 2234 nis
85 2194 166 2244 plebis,
182 2194 284 2243 quoniam
299 2193 498 2233 intercessionibus
512 2192 534 2232 id
549 2192 776 2233 senatusconsultum
790 2188 948 2242 impediebant,
963 2186 1019 2226 urbe

39 2247 119 2300 pulsis,
141 2247 315 2298 mandatumque
329 2258 342 2286 a
355 2249 433 2286 senatu
448 2245 578 2286 consulibus
592 2250 615 2286 et
629 2247 669 2288 Cn.
684 2248 802 2298 Pompeio,
822 2250 845 2284 nt
859 2243 974 2290 viderent,
990 2250 1019 2280 ne

40 2301 90 2353 qnid
104 2311 141 2342 res
160 2300 250 2352 publica
265 2301 389 2341 detrimenti
404 2303 505 2353 caperem
526 2299 551 2342 C.
567 2300 651 2341 Caesar
664 2301 725 2342 bello
744 2293 847 2340 inimicol
860 2298 1019 2350 persecuturus

1 2373 2 2376 ¹
39 2367 84 2396 cum
99 2356 199 2396 exercitu
214 2356 236 2394 in
251 2355 336 2396 ltaliam
351 2355 424 2404 venit,
440 2353 558 2396 cortinium
573 2365 622 2394 cum
637 2356 662 2397 L.
678 2355 777 2394 Domitio
792 2356 814 2393 et
828 2353 856 2395 P.
872 2349 967 2392 Lentulo
982 2359 1016 2387 ce·

40 2413 78 2462 pit,
92 2419 176 2461 eosque
191 2409 283 2458 dimisit,
299 2407 340 2448 Cn.
356 2409 484 2459 Pompeium
499 2412 632 2459 ceterosque
648 2410 742 2460 partium
759 2408 806 2447 eius
821 2406 886 2446 ltalia
901 2403 999 2456 expulit.

91 2463 136 2505 CX.
153 2462 178 2506 C.
188 2463 269 2503 Caesar
280 2462 411 2511 Massiliam,
427 2472 484 2513 quae
500 2465 575 2513 portas
589 2463 632 2514 ipsi
647 2462 764 2508 clauserat,
780 2458 881 2508 obsedit,
896 2461 919 2497 et
932 2455 1018 2496 relictis

40 2518 61 2556 iu
74 2517 188 2557 obsidione
203 2518 264 2556 urbis
279 2517 327 2556 elus
342 2516 422 2566 legatis
438 2515 464 2558 C.
481 2517 588 2556 Trebonio
603 2519 626 2556 et
640 2516 669 2557 D.
684 2517 761 2564 Bruto,
778 2513 891 2566 proiectus
904 2512 926 2551 ln
938 2510 1017 2560 Hispe-

42 2573 94 2610 niam
109 2573 133 2612 L.
149 2571 261 2610 Afranium
276 2573 299 2610 et
313 2570 344 2610 Μ.
360 2570 472 2610 Petreium
487 2570 573 2620 legatos
588 2569 629 2611 Cn.
646 2570 745 2622 Pompeii
762 2580 811 2608 cnm
824 2570 910 2618 septem
924 2564 1017 2614 legioni·

40 2625 80 2664 bns
94 2627 121 2664 ad
136 2623 229 2666 llerdarn
244 2625 266 2663 ln
282 2622 416 2664 deditionem
431 2624 526 2676 accepit,
541 2633 662 2674 omnesque
677 2622 799 2663 incolumes
814 2620 906 2668 dimisit,
921 2616 1018 2657 Varrone

43 2689 127 2730 qnoque
142 2677 215 2730 legato
229 2678 330 2730 Pompeii
345 2689 393 2717 curn
408 2679 507 2718 exercitu
521 2679 543 2717 in
557 2680 690 2729 potestatem
704 2687 765 2716 auam
780 2675 879 2715 redacto.
901 2669 1018 2712 Gaditanis

41 2733 149 2772 civitatem
168 2732 238 2775 dedit.
261 2731 414 2772 lilassilienses
434 2732 521 2772 duobus
541 2731 657 2770 navalibus
677 2730 771 2782 proeliis
791 2730 843 2769 victi
865 2728 916 2779 post
930 2725 1018 2776 longam

42 2785 174 2826 obsidionem
189 2787 295 2838 potestati
312 2785 413 2826 caesaris
432 2796 458 2826 se
473 2787 629 2838 permiserunt.
649 2783 674 2824 C.
689 2785 797 2824 Antonius
812 2782 899 2834 legatus
915 2778 1017 2821 caesaris

43 2841 95 2880 male
112 2845 189 2880 contra
207 2840 355 2892 Pompeianos
376 2840 397 2879 ln
417 2839 507 2891 illyrico
528 2841 594 2879 rebus
612 2840 683 2890 gestis
702 2839 841 2890 captasset,
861 2837 883 2874 in
898 2845 941 2886 qno
956 2831 1018 2873 bello

43 2892 161 2946 Opitergini
180 2892 344 2945 Transpadani,
367 2893 469 2934 Caesaris
489 2893 622 2941 auxiliares,
643 2895 690 2932 rate
709 2902 750 2932 sua
768 2892 795 2930 ab
811 2890 907 2930 bostium
922 2887 1018 2928 navibus

43 2947 125 2997 clausa,
144 2949 220 3001 potius
235 2957 300 2998 quam
316 2949 338 2987 in
352 2950 486 3000 potestatem
501 2946 597 2988 lrostium
614 2946 729 2996 venirent,
751 2946 808 2986 inter
822 2955 847 2986 se
862 2944 1018 2984 concurrentes

44 3002 192 3042 occubuerunt.
215 3001 240 3042 C.
257 3002 336 3050 Curio,
357 3001 445 3053 legatus
461 3002 563 3042 caesaria
581 3004 603 3041 ln
617 3000 704 3050 Africa,
724 3011 772 3040 cnm
787 3009 894 3052 prospere
908 2997 1017 3037 adversus

42 3053 117 3096 Verum
135 3057 318 3108 Pompeianarum
338 3057 433 3106 partium
454 3056 530 3096 ducem
551 3057 682 3106 pugnasset,
704 3065 718 3094 a
738 3055 790 3095 luba
804 3064 856 3104 rege
869 3051 1017 3093 Mauritaniae

44 3118 88 3148 cum
102 3111 199 3150 exercitu
215 3120 294 3150 caesus
309 3111 350 3149 es't.
366 3111 390 3150 C.
405 3111 487 3150 Caesar
501 3111 523 3150 iu
539 3109 652 3150 Graeciam
667 3109 763 3148 traiecit.

1 3208 2 3214 χ
93 3163 144 3206 cxl.
160 3164 191 3204 M.
203 3164 294 3206 Coelius
308 3162 380 3204 Rulus
395 3167 492 3214 praetor,
508 3175 556 3204 curn
571 3162 692 3203 seditiones
707 3164 728 3202 in
744 3163 798 3202 urbe
813 3161 935 3201 concitaret
948 3168 1014 3198 nova·

1 3225 2 3232 ¹
44 3224 86 3256 rum
99 3217 222 3258 tabularum
237 3228 277 3269 spe
292 3217 358 3268 plebs
372 3217 499 3266 sollicitata,
514 3218 619 3268 abrogato
633 3217 763 3268 magistratu
779 3214 857 3268 pulsus
872 3213 927 3254 urbe
938 3209 1016 3254 Miloni

45 3270 123 3320 exsull,
142 3271 180 3323 qui
201 3271 343 3322 lugitivorum
358 3273 479 3311 exercitum
494 3273 645 3320 contraxerat,
664 3281 688 3311 se
703 3271 825 3311 coniunxit.
841 3271 948 3318 uterque,
968 3275 1017 3304 cum

44 3321 119 3365 bellum
138 3325 280 3375 molirentur,
301 3325 412 3366 interiecti
431 3327 491 3366 sunt.
517 3325 636 3376 Cleopatra
650 3325 746 3377 Aegypti
766 3325 843 3375 regina
857 3333 870 3360 a
885 3319 1016 3361 Ptolemaeo

43 3374 105 3418 lratre
117 3390 184 3431 regno
200 3381 266 3432 pulsa
279 3382 322 3422 est.
338 3382 431 3431 propter
439 3379 467 3424 Q.
477 3379 547 3420 cassii
562 3380 672 3430 praetoris
687 3379 801 3418 avaritiam
816 3373 1016 3422 crudelitatemque

45 3427 192 3474 Cordubenses
207 3435 229 3473 in
244 3433 350 3486 Hispania
365 3445 413 3472 cum
429 3432 514 3472 duabus
526 3432 667 3472 Varronianis
682 3432 807 3484 legionibus
821 3441 835 3469 a
849 3427 952 3480 partibus
962 3427 1016 3469 Cae·

45 3486 96 3542 stria
114 3487 263 3532 desciverunt.
286 3489 324 3528 Cn.
348 3487 466 3540 Pompeius
488 3486 516 3527 ad
530 3485 692 3535 Dyrrhachium
713 3487 819 3525 obsessus
837 3493 850 3522 a
866 3480 973 3532 Caesare,
994 3483 1015 3520 et
