2368 3858
222 161 339 240 irana
352 180 549 242 nouom.
563 190 607 244 e.
621 189 665 244 n.
688 189 725 257 [a.
737 189 770 242 c.
785 189 843 258 nn
962 182 1023 249 aot

44 347 106 392 non
122 327 220 408 Illyrii
233 328 470 405 Macedonibus,
485 349 548 392 non
562 333 663 408 spolia
678 332 802 408 spoliis,
817 350 878 395 non
894 335 1024 410 pecunia

44 414 211 492 pecuniae,
236 431 300 475 non
326 414 408 475 dona
433 415 524 476 donis
550 416 722 492 comparari
743 425 893 492 poterant.
921 417 1024 494 itaque

45 499 127 558 sieut
147 497 361 574 praefulgebat
380 497 450 558 huic
464 497 636 574 triumphus
651 515 778 576 reeens,
800 501 842 562 ita
855 501 1026 577 apparebat

44 581 146 657 ipsum
158 596 214 656 per
226 597 261 640 se
272 581 458 643 intuentibus
470 596 665 658 nequaquam
676 599 749 645 esse
760 585 1024 646 contemnendum.

44 666 263 741 perdomuerat
289 664 367 725 intra
388 681 505 740 paucos
532 667 598 727 dies
619 674 699 727 terra
720 668 858 743 marique
879 670 1022 739 ferocem,

43 749 122 809 loeis
148 747 407 826 munimentisque
431 750 537 811 fretam
561 758 682 826 gentem
702 753 890 831 lllyriorum
918 769 1024 828 regem

43 833 211 907 regiaeque
233 848 339 894 omnes
361 834 465 909 stirpis
488 843 619 909 ceperat.
648 837 799 898 transtulit
819 835 849 896 ln
870 835 1023 913 triumpho

44 917 138 976 multa
159 914 299 977 militaria
319 916 407 992 signa
427 916 590 993 spoliaque
611 920 670 980 alia
691 928 722 981 et
742 921 960 995 supellectilem
975 936 1024 981 re·

1 1057 2 1060 ,
44 1000 139 1074 giam,
165 999 231 1058 auri
257 1000 360 1074 pondo
388 1001 491 1076 uiginti
514 1010 544 1061 et
564 1010 699 1078 septem,
725 1004 842 1078 argenti
865 1004 971 1066 decem
994 1010 1025 1064 et

43 1098 155 1143 nouem
174 1083 294 1158 pondo,
317 1083 474 1145 denarium
491 1085 596 1145 decem
610 1085 668 1146 tria
682 1087 779 1161 milia,
801 1093 832 1146 et
846 1094 966 1147 centum
980 1087 1023 1146 vi·

1 1237 2 1250 ¹
44 1166 117 1242 ginti
139 1167 223 1226 milia
242 1166 338 1243 Illyrii
354 1167 485 1243 argenti.
508 1177 578 1230 ante
594 1186 715 1230 currum
730 1170 812 1232 ducti
829 1169 954 1230 Gentius
968 1186 1023 1231 rex

1 1306 2 1313 ,
45 1267 112 1311 cum
133 1251 265 1324 coniuge
287 1257 317 1309 et
336 1251 439 1311 liberis
460 1259 490 1312 et
505 1252 701 1314 Carauantius
717 1254 809 1316 irater
828 1251 910 1328 regis
925 1259 956 1313 et
972 1253 1022 1313 ali·

1 1359 2 1388 2
45 1340 118 1411 quot
132 1333 253 1394 nobiles
274 1334 378 1410 illyrii.
400 1334 440 1394 de
461 1337 576 1410 praeda
590 1336 734 1398 militibus
749 1339 780 1398 in
795 1336 934 1412 singulos
950 1352 1022 1412 qua-

1 1492 2 1495 ,
45 1419 198 1492 dragenos
228 1417 339 1492 quinos
368 1419 526 1492 denarios,
557 1421 670 1496 duplex
699 1421 883 1494 centurioni,
912 1419 1025 1498 triplex

1 1500 2 1549 t
44 1503 152 1578 equiti,
175 1499 269 1561 sociis
290 1500 423 1563 nominis
445 1503 541 1562 Latini
563 1510 708 1579 quantum
731 1506 864 1580 civibus,
886 1514 917 1567 et
930 1504 1025 1567 sociis

45 1585 204 1646 navalibus
231 1585 316 1646 dedit
340 1594 486 1660 quantum
507 1587 662 1649 militibus.
690 1589 798 1650 laetior
817 1589 900 1649 launo
920 1590 1024 1650 trium-

1 1737 2 1748 ,
46 1670 137 1744 phum
160 1676 209 1729 est
228 1677 354 1730 secutus
370 1671 472 1744 miles,
493 1671 659 1747 multisque
679 1672 743 1732 dux
758 1673 825 1748 ipse
840 1672 1025 1733 carminibus

46 1751 227 1812 celebratus.
251 1754 423 1815 sestertium
438 1754 617 1814 ducentiens
633 1770 671 1814 ex
687 1771 724 1814 ea
737 1756 853 1830 praeda
868 1755 1024 1816 redactum

46 1852 115 1896 esse
130 1844 238 1896 auctor
253 1842 301 1898 est
310 1839 428 1910 Antias,
444 1845 564 1912 praeter
575 1855 682 1898 aurum
694 1846 924 1914 argentumque,
941 1838 1023 1913 quod

46 1920 239 1980 inaerarium
254 1920 294 1982 sit
305 1923 413 1991 latum;
438 1922 521 1996 quod
534 1922 606 1996 quia
616 1921 699 1981 unde
709 1921 807 1997 redigi
818 1921 951 1997 potuerit
962 1937 1025 1982 non

1 2016 3 2095 t
48 2004 222 2080 apparebat,
239 2012 393 2065 auctorem
409 2020 465 2081 pro
481 2019 515 2063 re
530 2005 632 2079 posui.
654 2021 708 2064 rex
726 2006 850 2066 Gentius
866 2021 935 2065 curn
951 2005 1024 2066 libe

1 2096 3 2198 j
47 2087 86 2146 ris
99 2096 129 2148 et
144 2087 277 2163 coniuge
292 2095 321 2147 et
335 2091 426 2149 tratre
438 2088 607 2163 Spoletium
618 2089 648 2148 in
661 2089 832 2150 custodiam
847 2105 884 2149 ex
899 2097 1026 2151 senatus

1 2202 3 2236 r
50 2173 187 2232 consulto
210 2172 336 2247 ductus,
355 2173 447 2232 ceteri
470 2172 582 2247 captim·
597 2174 714 2233 Romae
734 2174 764 2233 in
782 2189 936 2234 carcerem
951 2190 1024 2235 con·

48 2254 129 2326 iecti;
151 2254 429 2330 recusantibusque
450 2255 621 2316 custodiam
637 2255 803 2333 Spoletinis
824 2258 962 2333 Iguvium
977 2273 1025 2318 re-

1 2329 4 2456 .
49 2354 99 2412 ges
113 2339 255 2400 traducti.
275 2340 424 2415 reliquum
440 2355 479 2398 ex
494 2339 615 2418 Illyrico
632 2342 766 2415 praedae
782 2340 904 2402 ducenti
919 2339 1026 2415 viginti

52 2422 136 2481 lembi
162 2430 263 2483 erant=
298 2422 337 2481 de
359 2420 467 2483 Gentio
489 2439 563 2498 rege
583 2430 692 2499 captos
714 2440 769 2485 eos
791 2425 974 2502 Corcyraeis
996 2431 1026 2486 et

50 2505 290 2579 Apolloniatibus
306 2513 336 2566 et
346 2506 566 2582 Dyrrhachinis
578 2505 612 2581 Q.
625 2508 751 2568 cassius
763 2523 803 2566 ex
815 2515 941 2568 senatus
954 2522 1026 2566 oon-

51 2589 124 2649 sulto
139 2589 254 2649 tribuit.

1 2705 3 2750 ‚
127 2671 232 2732 XLIV.
256 2673 405 2734 Consules
426 2689 463 2733 eo
486 2690 565 2733 anno
589 2690 662 2749 agro
683 2680 798 2734 tantum
812 2673 955 2748 Ligurum
971 2687 1028 2747 po-

1 2753 3 2835 l
53 2757 158 2830 putato,
175 2771 245 2815 eum
259 2756 366 2821 bostes
381 2755 535 2818 exercitus
551 2774 717 2834 numquam
733 2756 922 2832 eduxissent,
944 2757 1028 2817 nulla
1139 2757 1142 2766 '

53 2853 82 2896 re
94 2839 284 2899 memorabili
298 2846 386 2914 gesta
399 2841 528 2901 Romam
544 2842 583 2901 ad
597 2842 793 2917 magistratus
810 2842 1026 2916 subrogandos

52 2921 216 2994 redierunt,
243 2930 273 2984 et
299 2923 396 2998 primo
418 2924 559 2984 comitiali
587 2925 637 2985 die
657 2927 801 2987 consules
825 2930 977 2986 crearunt·
986 2925 1026 2986 M.

1 3028 4 3062 t
54 3002 204 3066 claudium
219 3005 397 3066 Marcellum
418 3007 448 3067 C.
466 3005 637 3082 Sulpicium
652 3010 785 3084 Gallum,
808 3009 919 3070 deinde
939 3025 1027 3085 prae-

54 3092 129 3148 tores
150 3097 277 3164 postero
295 3089 344 3149 die
360 3091 393 3150 L.
407 3091 515 3150 lulium
533 3093 562 3151 L.
579 3094 764 3167 Appuleium
780 3092 975 3154 Saturninum
989 3095 1027 3152 A.

2 3169 3 3253 l
55 3168 194 3232 Licinium
209 3172 340 3233 Nervam
360 3173 393 3233 P.
408 3173 553 3235 Rutilium
570 3175 693 3237 Calvum
707 3176 740 3235 P.
756 3175 949 3251 Quinctilium
966 3177 1016 3235 Va

2 3255 3 3336 ᾗ
56 3267 115 3314 rum
134 3255 175 3315 M.
190 3255 361 3317 Fonteium.
382 3258 430 3317 his
447 3260 639 3333 praetoribus
661 3261 740 3320 dnae
754 3260 891 3320 urbanae
905 3259 1028 3334 provin-

2 3343 3 3420 ᾗ
58 3335 115 3397 oiae
129 3346 200 3399 sunt
214 3340 365 3415 decretae,
382 3342 461 3401 duae
474 3342 650 3418 Hispaniae,
668 3343 771 3405 Sicilia
785 3359 821 3403 ac
835 3341 985 3403 Sardinia.

133 3423 348 3485 intercalatum
371 3440 408 3486 eo
425 3441 522 3487 anno:
550 3428 696 3504 postridie
709 3425 888 3486 Terminalia
901 3424 1028 3486 interca-
