2364 3862
204 211 433 298 ιιιιιιιιιιινι
457 213 539 272 exe.
553 221 618 276 ao.
642 216 722 291 [ac.
739 221 799 286 reo]
924 213 984 278 ιιι

34 370 131 422 uastata
143 362 178 421 ab
194 362 338 421 Romanis
353 367 447 432 erant,
464 361 570 421 reiicit
585 363 695 436 pinnas
707 363 859 422 moenium
875 364 984 424 decus-

33 464 74 508 sas
85 445 202 520 reponit,
215 445 254 504 ab
270 445 350 504 omni
366 452 451 518 parte
466 461 570 505 muros
587 446 700 514 firman
723 446 833 505 deinde
850 448 986 524 quinque

33 529 97 588 milia
114 545 255 604 passuum
275 528 312 586 ab
334 528 410 588 urbe
430 529 505 587 eitra
524 530 622 602 ripam
641 528 749 604 Enipei
770 530 867 590 amnis
887 539 986 592 castra

33 613 107 688 ponit,
120 628 234 672 amnem
246 613 347 686 ipsum
364 612 492 671 transitu
507 611 716 686 perdifficilem
732 629 787 688 pro
799 615 985 677 munimento

33 697 172 756 habiturus.
194 695 262 755 fluit
276 711 315 754 ex
331 695 410 754 avalla
425 694 548 772 Olympi
560 697 686 770 montis,
708 705 825 757 aestate
844 700 984 774 exiguus,

32 779 141 840 tabernis
162 781 243 839 idem
264 779 405 839 incitatus
426 778 539 852 pluviis
564 786 594 838 et
614 797 710 855 supra
729 797 824 856 rupes
845 783 985 857 ingentes

31 865 139 938 gurgites
154 865 234 936 lacit,
249 870 280 922 et
293 863 371 921 inlra
381 869 538 936 prorutam
551 862 582 922 in
596 879 680 924 mare
690 866 861 927 evolvendo
874 875 984 928 terram

31 950 156 1021 praealtas
176 948 357 1021 voragines,
379 952 550 1022 cavatoque
564 949 664 1008 medio
680 950 768 1009 alveo
783 949 866 1024 ripas
882 952 984 1012 utrim-

32 1031 270 1106 qucpraecipites.
306 1030 366 1088 hoc
384 1029 509 1090 flumine
530 1031 711 1106 obsaeptum
727 1033 785 1092 iter
805 1033 904 1095 hostis
920 1051 982 1096 cre-

31 1114 89 1172 dens
106 1115 262 1175 extrahere
282 1114 432 1189 reliquum
453 1123 574 1189 tempus
596 1115 662 1174 eius
683 1116 809 1176 aestatis
829 1117 860 1176 in
883 1119 983 1180 animo

30 1196 142 1258 habebat

93 1283 167 1342 luter
183 1282 261 1342 haec
277 1283 386 1343 consul
401 1279 518 1341 aPhila
531 1281 692 1357 Popillium
704 1298 771 1342 cum
795 1283 915 1344 duobus
930 1285 983 1344 mi-

30 1362 97 1425 libus
102 1374 283 1426 armatorum
297 1367 478 1425 Heracleum
492 1365 589 1425 mittit.
616 1366 706 1426 abest
720 1366 834 1427 aPhila
850 1369 985 1443 quinqua

9 1437 91 1508 mdia
102 1452 190 1509 ferme
205 1466 371 1546 passuum,
392 1449 493 1508 media
512 1450 639 1523 regione
659 1451 737 1509 inter
750 1450 839 1510 Dium
857 1452 982 1526 Tempe·

9 1529 62 1628 [q
45 1547 87 1604 ue,
111 1535 139 1593 in
165 1550 243 1609 rupe
270 1534 351 1593 amni
376 1531 549 1592 imminente
581 1533 723 1608 positum
766 1535 815 1593 lX.
837 1534 983 1610 Popillius

9 1625 60 1756 'fib
31 1615 180 1692 priusquam
194 1624 330 1677 armatos
345 1616 440 1676 muris
451 1616 637 1690 admoveret,
659 1617 741 1678 misit
759 1619 811 1693 qui
826 1620 983 1693 magistra·

31 1698 90 1758 thus
103 1701 352 1797 principibusque
367 1700 540 1795 suaderent,
555 1700 648 1759 iidem
660 1702 912 1777 clementiamque
923 1703 980 1761 Ro

30 1797 159 1844 uanomm
179 1803 285 1882 quam
293 1785 354 1844 tim
376 1783 509 1858 experiri
531 1784 662 1843 mallent.
700 1783 774 1843 nihil
796 1800 834 1843 ea
856 1786 984 1845 consilia

30 1876 169 1942 noverunt,
187 1871 263 1944 quia
277 1867 365 1943 ignes
380 1869 421 1926 ad
434 1866 584 1941 Enipeum
600 1883 639 1926 ex
656 1867 749 1942 regiis
764 1868 872 1927 castris
889 1885 979 1943 appa·

30 1948 126 2012 rebant..
138 1959 199 2012 tum
216 1960 298 2012 terra
311 1951 449 2027 marique
461 1985 505 1996 —
520 1958 550 2011 et
563 1950 673 2011 classis
688 1952 820 2024 appulsa
834 1950 872 2010 ah
885 1952 984 2012 littore

31 2033 106 2094 sabat
122 2069 163 2082 -
186 2037 280 2096 simul
302 2036 395 2096 annis
416 2036 506 2095 simul
530 2034 678 2109 operibus
698 2034 910 2110 machinisque
928 2051 978 2110 op-

31 2119 132 2189 pugnari
152 2119 266 2196 coepti.
301 2118 429 2180 iuvenes
451 2118 540 2177 etiam
567 2119 691 2192 quidam
711 2119 841 2178 Romani
866 2119 983 2178 ludicro

31 2198 131 2262 circensi
145 2205 182 2264 ad
198 2220 291 2265 usum
304 2203 375 2262 belli
392 2217 483 2263 verso
500 2211 616 2277 partem
631 2203 826 2262 humillimam
840 2203 918 2263 muri
933 2219 983 2262 ce-

31 2293 121 2352 perunt.
160 2303 229 2348 mos
257 2293 423 2357 cratium,
449 2286 663 2346 nondumhae
689 2286 841 2348 effusione
862 2288 985 2348 inducta

31 2361 111 2429 latiis
124 2373 258 2431 omnium
275 2371 408 2445 gentium
423 2369 537 2429 circum
552 2371 740 2446 complendi,
759 2371 844 2430 varia
864 2379 983 2446 specta

31 2451 138 2513 odorum
153 2455 337 2552 conquirere
349 2469 477 2528 genera·
499 2470 569 2513 nam
589 2456 684 2514 semel
705 2455 872 2528 quadrigis,
889 2456 982 2514 semel

31 2529 156 2598 desultore
170 2539 268 2598 misso
279 2539 332 2597 vix
353 2537 443 2598 unius
464 2537 559 2599 horae
580 2545 700 2613 tempus
715 2546 876 2610 utrumque
890 2537 981 2595 curri

12 2617 107 2746 'tulum
127 2623 309 2698 complebat.
344 2623 422 2681 inter
443 2629 544 2681 cetera
565 2621 712 2694 sexageni
734 2620 854 2678 lanne
846 2635 983 2693 iuvenes,

12 2694 152 2772 nardum
163 2709 269 2782 plures
281 2705 526 2781 apparationbus
538 2704 628 2778 ludis
641 2702 983 2763 annatiinducebantur.

12 2789 14 2876 l
32 2786 112 2846 houm
122 2787 257 2850 inductio
273 2804 312 2848 ex
324 2794 412 2864 parte
423 2788 617 2848 simulacrum
630 2787 819 2847 decurrentis
831 2789 982 2848 exercitus

12 2889 14 2934 ι
32 2875 84 2941 litt,
96 2887 132 2930 ex
146 2880 238 2947 parta
249 2872 443 2946 elegantioris
461 2888 552 2948 quam
572 2872 707 2932 militaris
729 2871 816 2942 artie,
843 2871 983 2948 propior

13 2962 76 3046 ,lue
94 2955 300 3028 gladiatorium
325 2972 477 3016 armorum
502 2971 601 3015 usum.
640 2971 709 3015 eum
734 2956 811 3015 alios
834 2956 984 3018 decursus

13 3083 52 3124 3
32 3031 170 3101 edidissent
180 3047 293 3114 motus,
308 3040 458 3135 quadrato
473 3039 593 3112 agmine
608 3040 698 3112 lacto,
713 3039 808 3099 scutis
823 3055 919 3114 super
934 3057 983 3100 ca-

13 3181 14 3184 ,
33 3110 228 3198 diadematis,
244 3123 394 3185 stantibus
411 3123 532 3198 primis,
553 3123 697 3182 secundis
712 3125 983 3196 summissioribus

32 3201 103 3262 tertiis
116 3208 212 3282 magis
228 3215 257 3267 et
273 3207 398 3283 quartia
415 3205 579 3282 postremis
594 3205 683 3266 etiam
699 3222 779 3281 genu
794 3208 883 3278 nixis,
900 3207 982 3266 lasti-

32 3289 114 3362 uun,
126 3291 204 3351 sieut
214 3298 294 3352 tecta
305 3291 514 3351 aedificiorum
527 3296 607 3363 sunt,
622 3289 806 3350 testudinem
821 3290 982 3350 iaciebant.

32 3357 83 3426 hinc
96 3373 309 3449 quinquaginta
323 3375 419 3433 fenne
434 3375 545 3448 pedum
560 3374 660 3447 spatio
684 3373 832 3432 distantes
854 3372 916 3430 duo
937 3387 982 3429 ar-

14 3481 15 3484 *
34 3451 84 3509 uati
96 3459 320 3532 procurrebant,
333 3456 567 3532 comminatique
582 3457 660 3516 inter
673 3471 715 3528 se,
732 3455 788 3514 ab'
781 3471 841 3514 rma
856 3454 885 3511 in
902 3469 982 3511 sum-
