2368 3858
160 223 221 290 rm
322 225 435 286 umen
448 223 538 284 xcv.
561 224 643 284 cnr.
658 230 757 285 nes.
780 229 817 298 p.
830 229 977 298 omnes]

160 386 292 442 strorum
306 375 408 453 vobis,
422 377 472 438 alii
485 377 551 453 regi
566 377 713 450 faverunt,
735 391 797 438 non
811 376 946 451 postulo,
968 383 1002 438 ut
1016 385 1123 454 propter

159 479 232 539 nos,
256 461 309 539 qui
323 462 452 537 partium
465 466 636 522 vestrarum
651 459 779 533 fuimus,
799 457 882 535 regis
903 460 1041 521 fautores
1061 459 1125 522 salvi

160 547 237 619 sint;
258 547 333 608 iliud
347 548 507 622 deprecor,
529 560 640 605 nenos
656 551 782 620 propter
796 543 865 604 illos
881 559 1055 619 pereamus.
1076 562 1124 606 nnn

159 632 234 694 estis
255 647 313 692 vos
334 629 394 691 illis
415 627 590 690 infestiores
606 644 697 704 quam
714 627 820 688 civitas
836 628 921 702 ipsa,
946 635 978 688 et
992 627 1053 689 hoc
1067 628 1126 704 quia

160 715 305 786 sciebant,
322 713 461 789 plerique
475 729 581 774 eorum
595 718 647 772 aut
662 712 864 787 profugerunt
878 718 931 772 aut
939 719 1068 773 mortem
1080 711 1127 772 sibi

160 797 384 860 consciverunt.
418 796 468 856 alii
493 794 669 856 damnalia
693 795 782 856 nobis
808 796 839 856 iu
860 801 1013 870 potestate
1035 802 1125 856 vestm

160 888 261 956 erunt,
283 889 387 957 patres
403 880 577 956 conscripti.
607 879 699 940 ceteri
713 878 824 939 Rhodii
838 879 918 940 sicut
931 879 1058 954 gratiam
1072 879 1126 940 nut-

160 967 219 1025 lam
233 963 331 1025 meriti
345 964 404 1026 hoc
418 965 508 1037 bello,
524 964 566 1024 ita
579 978 618 1022 ne
633 978 765 1039 poenam
780 962 904 1038 quidem
915 979 1034 1024 sumus.
1057 963 1127 1039 prio·

159 1065 225 1110 rum
248 1055 422 1134 nostrqrum
442 1048 674 1109 benefactorum
695 1049 834 1108 cumulus
856 1047 930 1121 hoe,
953 1048 1040 1121 quod
1059 1063 1127 1109 nunc

160 1140 313 1195 cessatum
329 1132 359 1193 in
374 1130 477 1194 officio
493 1139 555 1206 est,
577 1133 709 1207 expleat.
732 1146 801 1192 cum
815 1131 912 1192 tribus
927 1131 1053 1206 regibus
1068 1146 1126 1206 ges·

160 1217 244 1279 sistis
258 1218 338 1278 bella
353 1233 408 1292 per
423 1216 481 1277 hos
496 1230 610 1276 annos:
634 1230 672 1274 ne
687 1215 757 1289 plus
773 1215 854 1276 obsit
869 1214 959 1276 nobis
975 1215 1127 1289 quodum

160 1299 239 1362 bello
262 1301 468 1375 cessavimus,
494 1316 585 1376 quam
608 1298 692 1375 quod
718 1298 840 1359 duobus
861 1299 950 1360 bellis
971 1314 1028 1374 pro
1051 1299 1128 1358 vobis

159 1383 373 1459 pugnavimus.
394 1385 566 1459 Philippum
580 1381 764 1444 Antiochum
778 1381 892 1443 Persea
907 1389 1062 1457 tamquam
1077 1389 1128 1442 tres

159 1467 325 1528 sententies
342 1469 459 1542 ponite:
482 1468 636 1529 ducenos
652 1465 830 1528 absolvunt:
854 1482 916 1527 nna
931 1472 964 1528 ut
978 1465 1071 1528 dubia
1081 1472 1128 1539 est,

159 1549 200 1610 ita
221 1550 343 1625 gravior
363 1553 422 1612 siti
442 1551 484 1610 illi
498 1552 538 1611 de
552 1550 642 1612 nobis
658 1550 686 1612 si
699 1551 883 1625 iudicarent,
905 1551 1039 1611 damnati
1054 1565 1129 1610 esse·

159 1650 237 1695 mus.
259 1652 316 1696 vos
332 1634 482 1708 iudicatis,
499 1642 601 1712 patres
617 1633 793 1711 conscripti,
808 1635 849 1696 sit
861 1634 990 1696 Rhodus
1006 1631 1130 1696 interris

160 1735 199 1779 an
214 1719 350 1780 funditus
366 1720 518 1780 deleatur:
546 1720 703 1780 nonenim
718 1719 852 1780 debello
868 1718 1058 1793 deliberatiS,
1081 1735 1129 1794 pa-

160 1809 221 1864 tres
238 1804 413 1880 conscripti,
430 1804 513 1879 quod
528 1803 639 1864 inferre
652 1803 791 1880 potestis,
806 1817 914 1883 gerere
924 1819 986 1862 non
1000 1801 1129 1878 potestis,

159 1901 228 1948 eum
248 1904 337 1949 nemo
357 1888 552 1968 Rhodiorum
566 1903 650 1946 arma
665 1888 816 1948 adversus
837 1901 895 1946 vos
910 1886 1027 1947 laturus
1041 1884 1086 1947 sil.
1107 1882 1130 1946 si

160 1972 400 2046 perseverabitis
416 1969 446 2032 in
460 1973 519 2044 ira,
537 1979 657 2046 tempus
673 1971 795 2032 evobis
810 1977 965 2045 petemus,
983 1986 1044 2046 quo
1058 1969 1129 2028 hane

159 2055 311 2117 funestam
338 2056 521 2130 legationem
550 2055 675 2116 domum
699 2055 884 2124 referamus3
918 2053 1020 2114 omnia
1044 2053 1130 2113 libem

159 2139 267 2212 capita,
286 2139 436 2213 quidquid
451 2138 641 2200 Rhodiorum
655 2139 790 2200 virorum
807 2138 986 2198 feminarum
998 2144 1053 2211 est,
1068 2151 1129 2196 enm

160 2222 241 2280 omni
257 2223 387 2296 pecunia
402 2230 507 2282 nostra
520 2237 617 2282 naves
633 2222 888 2295 conscendemus,
902 2237 939 2281 ac
954 2221 1067 2282 relictis
1082 2234 1129 2294 pe

160 2303 280 2364 natibus
303 2304 433 2380 publicis
455 2304 644 2381 privatisque
664 2307 793 2368 Romam
812 2305 987 2379 veniemus,
1013 2312 1043 2365 et
1056 2301 1129 2365 omni

137 2459 141 2469 f
159 2403 233 2448 auro
248 2396 278 2449 et
295 2395 431 2464 argento,
454 2388 604 2465 quidquid
619 2389 732 2466 publici
748 2388 898 2466 quidquid
909 2387 1020 2464 privati
1036 2395 1088 2462 cst,
1103 2387 1128 2445 iu

160 2471 297 2548 cornilio,
319 2470 349 2533 in
373 2473 523 2535 vestibulo
548 2473 650 2533 curiae
671 2483 794 2534 vestrae
816 2473 984 2546 cumulato,
1006 2485 1128 2547 corpora

159 2564 265 2618 nostre
285 2557 511 2634 coniugumque
530 2572 567 2617 ac
587 2557 753 2617 liberorum
774 2563 895 2617 vestrae
909 2556 1054 2630 potestati
1070 2569 1127 2630 per·

158 2640 324 2718 mittemus,
346 2642 396 2703 hic
410 2639 534 2719 passuri
550 2641 767 2716 quodcumque
783 2639 959 2716 patiendum
974 2639 1045 2699 erit=
1067 2652 1128 2714 pro-

159 2727 207 2785 cul
229 2725 267 2786 ab
288 2727 385 2788 oculis
407 2727 521 2787 nostris
538 2725 612 2785 urbs
627 2733 734 2786 nostra
754 2723 926 2800 diripiatur,
947 2722 1127 2784 incendetur.

158 2807 263 2869 hostes
274 2810 413 2872 Rhodios
429 2825 500 2871 esse
511 2808 641 2871 Romani
655 2807 791 2870 iudicare
806 2811 952 2884 possunt:
976 2814 1025 2867 est
1039 2815 1135 2871 umen
1180 2865 1182 2876 ,

158 2899 188 2951 et
208 2900 346 2954 nostrum
366 2893 492 2970 aliquod
513 2892 552 2952 de
573 2893 662 2954 nobis
684 2891 843 2966 iudicium,
867 2893 951 2969 quod
972 2903 1128 2966 numquam

157 2973 360 3058 iudicabimus
382 2994 439 3039 nos
460 2982 583 3037 vestros
604 2977 725 3048 hostes,
751 2991 809 3036 nec
830 2975 995 3052 quiequam
1016 2970 1127 3041 hostile,
1180 3033 1182 3040 ,

158 3059 247 3119 etiam
263 3059 289 3118 si
305 3061 406 3120 omnia
421 3061 577 3135 patiemur,
595 3061 771 3121 faciemus.“

241 3142 333 3206 XXV.
364 3143 540 3205 Secundum
565 3146 654 3204 talem
679 3145 847 3206 orationem
872 3143 1008 3206 universi
1029 3155 1128 3204 rursus

157 3227 364 3302 prociderunt,
379 3244 546 3304 ramosque
561 3231 648 3289 oleae
662 3228 823 3305 supplices
837 3228 996 3303 iactantes,
1013 3226 1129 3290 tandem

158 3308 280 3371 excitati
305 3313 390 3371 curia
414 3321 623 3374 excesserunt.
665 3319 735 3374 tunc
760 3313 930 3378 sententiae
955 3305 1130 3384 interrogari

156 3402 296 3467 coeptae.
317 3395 505 3456 infestissimi
525 3396 654 3457 Rhodiis
676 3402 762 3456 erant
783 3397 834 3473 qui
854 3397 999 3456 consules
1015 3389 1130 3470 praelo·

157 3489 248 3534 resve
263 3484 315 3537 aul
330 3479 420 3553 legati
431 3486 592 3554 gesserant
602 3480 632 3538 in
644 3479 825 3540 Macedonia
835 3480 958 3540 bellum.
975 3478 1129 3555 plurimum
