2424 3872
170 208 191 270 4
282 183 286 190 ’
324 208 584 268 nmnnmtxrx.
609 209 771 270 canna
795 209 990 287 [ansae]

170 371 256 436 tegra
276 359 307 419 in
328 360 492 420 adventum
513 376 602 420 suum
623 368 805 421 servaretur.
841 361 979 423 Fulvium
1002 363 1152 437 temporis

169 447 314 505 iacturam
335 444 451 503 lacere=
480 451 619 504 senatum
640 445 730 504 etiam
743 452 908 520 praesente
922 447 1050 506 consule
1066 446 1153 520 quod

168 528 261 588 vellet
274 527 476 587 decreturum.
502 526 544 585 Μ.
558 527 699 602 Fulvius,
715 528 742 587 si
756 534 809 589 aut
823 527 960 589 simultas
975 527 1015 587 M.
1030 528 1154 588 Aemilii

170 627 276 672 secum
290 609 394 685 ignota
408 609 582 670 hominibus
597 619 689 684 esset,
706 618 758 671 aut
772 627 863 688 quam
875 613 901 672 is
913 627 967 671 eas
979 610 1153 672 inimicitias

169 692 329 772 impotenti
343 709 379 754 ac
394 708 494 768 prope
506 693 592 769 regia
605 691 651 754 ira
666 701 838 770 exerceret,
860 701 960 755 tamen
978 711 1040 755 non
1054 695 1155 754 fuisse

170 778 330 838 ferendum
345 777 503 838 absentem
518 780 676 838 consulem
690 783 722 837 et
734 777 862 840 deorum
872 777 1085 839 immortalium
1096 778 1154 838 lro-

171 861 241 923 nori
262 861 386 922 obstare
406 868 437 921 et
449 860 588 920 meritum
609 861 806 936 debitumque
824 861 1009 936 triumphum
1029 861 1154 936 morari,

170 946 385 1021 imperatorem
405 944 498 1006 rebus
513 945 636 1019 egregie
650 945 746 1018 gestis
761 947 971 1021 victoremque
985 945 1155 1005 exercitum

172 1044 241 1089 cum
260 1028 378 1102 praeda
399 1043 436 1087 ac
451 1027 580 1102 captivis
595 1033 666 1087 ante
680 1036 786 1103 portas
801 1035 898 1103 stare,
918 1029 1018 1088 donec
1032 1028 1155 1088 consuli

172 1113 212 1172 ob
226 1113 286 1172 hoc
298 1111 400 1186 ipsum
410 1111 540 1172 moranti
551 1112 652 1171 redire
663 1111 792 1172 Romam
804 1112 919 1172 libitum
930 1118 1023 1172 esset.
1045 1127 1155 1171 verum

172 1195 328 1256 enimvero
349 1210 418 1256 cum
439 1194 499 1256 sint
519 1193 729 1257 nobilissimae
751 1194 809 1254 sibi
831 1210 900 1255 cum
915 1197 1042 1255 consule
1056 1195 1155 1254 inimi-

173 1280 270 1352 citiae,
287 1278 360 1354 quid
376 1279 415 1338 ab
430 1293 468 1338 eo
485 1293 667 1354 quemquam
683 1293 779 1353 posse
792 1279 881 1353 aequi
893 1285 1084 1354 exspectare,
1101 1279 1156 1354 qui

172 1379 229 1438 per
252 1361 486 1437 infrequentiam
509 1361 612 1422 furtim
637 1367 761 1422 senatus
784 1362 956 1422 consultum
981 1362 1091 1421 iactum
1114 1362 1156 1420 ad

173 1444 322 1504 aerarium
337 1444 484 1517 detulerit,
499 1443 693 1504 Ambraciam
704 1460 765 1504 non
777 1443 874 1504 videri
884 1445 916 1504 vi
927 1451 1055 1519 captam,
1073 1461 1156 1519 quae

174 1542 286 1603 aggere
299 1542 336 1586 ac
349 1526 448 1587 vineis
463 1534 641 1602 oppugnata
655 1526 703 1600 sit,
718 1528 770 1587 ubi
784 1527 919 1588 incensis
935 1527 1080 1604 operibus
1095 1529 1157 1586 alia

174 1613 213 1671 de
233 1611 351 1684 integro
373 1609 548 1682 laetasint,
570 1610 623 1669 ubi
643 1609 725 1670 circa
745 1627 849 1671 muros
871 1628 965 1686 supra
988 1610 1157 1686 subterque

173 1703 286 1754 terram
306 1707 363 1768 per
383 1692 450 1752 dies
472 1693 646 1768 quindecim
661 1702 844 1769 pugnatum,
865 1694 917 1754 ubi
933 1712 950 1754 n
965 1694 1063 1770 prima
1076 1695 1157 1768 luce,

174 1793 242 1837 cum
263 1776 322 1836 iam
343 1777 585 1837 transcendisset
605 1793 709 1837 muros
730 1778 833 1850 miles,
854 1793 955 1852 usque
977 1778 1015 1836 ad
1034 1783 1158 1838 noctem

175 1861 228 1921 diu
242 1875 359 1936 anceps
375 1859 526 1934 proelium
539 1861 684 1935 tenuerit,
702 1860 754 1920 ubi
770 1862 840 1936 plus
854 1859 912 1920 tria
926 1859 1009 1920 milla
1022 1860 1158 1920 hostium

176 1945 236 2006 sint
255 1960 357 2006 caesa.
382 1945 440 2002 ium
457 1944 496 2005 de
512 1945 638 2004 deorum
654 1943 864 2004 immortalium
878 1945 1000 2019 templis
1016 1944 1158 2019 spoliatis

172 2027 205 2087 in
227 2035 318 2101 capta
339 2026 414 2086 urbe
435 2029 557 2102 qualem
577 2027 758 2086 calumniam
779 2026 819 2086 ad
833 2027 995 2101 pontifices
1010 2026 1159 2088 attulerit!

176 2109 234 2170 nisi
250 2109 475 2187 Syracusarum
496 2117 663 2169 ceterarum
686 2125 726 2169 ue
750 2115 906 2183 captarum
927 2109 1089 2171 civitatium
1108 2125 1159 2170 or-

176 2193 327 2253 namentis
342 2192 449 2252 urbem
465 2193 607 2253 exornari
621 2193 669 2252 ias
698 2193 788 2266 uerit,
809 2193 839 2254 in
857 2191 1050 2253 Ambraciam
1064 2208 1161 2252 unam

176 2283 297 2351 captam
312 2291 373 2335 non
389 2274 519 2336 valuerit
533 2274 605 2335 belli
619 2277 676 2336 ius.
700 2285 730 2336 et
743 2283 847 2352 patres
863 2277 1056 2353 conscriptos
1069 2291 1162 2336 orare

176 2368 206 2421 et
221 2358 259 2418 ab
274 2357 395 2419 tribuno
410 2365 529 2433 petere,
551 2375 589 2418 ne
603 2375 638 2418 se
652 2359 875 2434 superbissimo
888 2359 1011 2420 inimico
1026 2359 1161 2420 ludibrio

177 2457 248 2502 esse
269 2443 379 2501 sinant.
409 2442 447 2501 V.
467 2443 604 2518 undique
626 2458 734 2504 omnes
755 2443 806 2502 alii
820 2444 980 2519 deprecari
994 2443 1161 2517 tribunum,

179 2527 228 2585 alii
245 2525 405 2600 castigare.
426 2526 469 2585 Ti.
483 2525 612 2586 Gracchi
623 2526 760 2602 collegae
770 2528 932 2602 plurimum
945 2527 1041 2588 oratio
1053 2527 1162 2587 movit.

177 2625 216 2668 ne
231 2625 305 2670 suas
328 2609 450 2684 quidem
473 2609 642 2670 simultates
657 2626 714 2685 pro
729 2609 909 2684 magistratu
924 2625 1070 2670 exercere
1084 2609 1162 2670 boni

178 2693 310 2768 exempli
323 2708 410 2753 esse:
426 2693 593 2754 alienarum
602 2709 677 2753 vero
689 2694 883 2754 simultatium
895 2694 1046 2755 tribunum
1059 2687 1162 2768 plebis

178 2776 366 2850 cognitorem
387 2777 453 2834 ficri
468 2783 559 2852 turpe
574 2782 604 2834 et
618 2775 775 2850 indignum
790 2778 910 2852 collegii
925 2779 992 2839 eius
1007 2783 1163 2853 potestate

178 2864 208 2919 et
223 2859 351 2918 sacratis
367 2859 485 2932 legibus
502 2874 582 2920 esse.
606 2874 662 2919 suo
681 2874 833 2934 quemque
847 2859 962 2922 indicio
976 2867 1007 2921 et
1018 2859 1163 2920 homines

179 2942 285 3003 odisse
306 2948 359 3000 aut
379 2941 505 3015 diligere
523 2949 553 3002 et
566 2958 616 3001 res
634 2943 765 3017 probare
780 2950 833 3002 aut
846 2945 1020 3020 improbare
1036 2943 1162 3016 debere,
1198 3007 1201 3012 ,

180 3043 239 3085 non
256 3025 392 3101 pendere
407 3041 444 3084 ex
460 3025 584 3086 alterius
598 3027 683 3087 vultu
694 3041 731 3086 ac
742 3034 817 3088 nutu
828 3043 885 3087 nec
896 3027 987 3088 alieni
998 3027 1163 3094 momentis

180 3111 269 3168 animi
296 3109 476 3184 circumagi,
505 3108 748 3185 adstipularique
768 3109 845 3172 irato
867 3113 986 3172 consuli
1007 3111 1164 3171 tribunum

181 3193 294 3269 plebei;
318 3199 347 3252 et
370 3191 442 3266 quid
462 3193 601 3269 privatim
614 3193 655 3252 M.
670 3194 818 3255 Aetnilius
832 3194 1036 3268 mandaverit,
1056 3193 1163 3254 memi-

180 3275 280 3347 nisse,
302 3275 484 3337 tribunatum
503 3275 593 3336 sibia
609 3278 724 3352 populo
739 3278 878 3339 Romano
895 3279 1069 3338 mandatum
1085 3275 1163 3338 obli·

180 3360 272 3433 visci,
295 3366 325 3418 et
345 3361 518 3420 mandatum
541 3377 596 3436 pro
618 3359 731 3422 auxilio
752 3377 789 3420 ac
811 3361 948 3422 libertate
964 3363 1162 3436 privatorum,

181 3459 242 3504 non
264 3460 320 3520 pro
342 3443 497 3504 consulari
516 3461 621 3522 regno.
655 3460 694 3504 ne
715 3444 774 3504 hoc
796 3444 919 3518 quidem
941 3460 1066 3504 cernere
1082 3459 1164 3514 eum,
