2364 3862
174 192 236 255 leo
343 189 557 251 nnnnxmn
578 191 661 252 car.
674 199 773 253 om.
794 200 830 266 [a.
843 198 912 256 na.
925 195 986 270 san

171 349 358 407 Boeotorum
377 343 560 418 quibusdam
575 344 714 419 populis,
730 360 770 404 cx
791 360 851 420 quo
866 344 1059 405 renuntiatum
1071 353 1124 404 crat

171 428 374 504 respondisse
387 428 506 503 legatos
521 428 729 502 appariturum
750 428 863 502 quibus
882 428 1004 505 popobs
1017 427 1122 502 proprie

171 515 348 575 societatem
362 527 432 572 cum
445 527 519 586 rege
533 511 615 585 iungi
631 511 848 586 displicuisset.
878 512 966 586 ommi
980 527 998 570 a
1011 510 1122 570 chaero-

61 629 64 636 ·
170 597 353 672 ucalegon,
375 594 643 656 deindeaThabis
664 595 695 653 in
715 595 785 670 ipso
807 595 914 654 itincre
940 600 1122 667 occurrerunt

172 681 370 740 adtirmorues
384 693 447 738 non
464 677 640 738 interfuisse
655 693 705 751 se,
728 694 790 753 quo
811 679 945 743 cocleas
965 693 1002 737 ea
1021 677 1124 736 decreta

171 771 271 835 esset,
287 761 434 831 concilim
450 761 520 836 quis
533 762 626 836 legati
639 761 724 822 nullo
745 762 776 821 in
796 762 974 837 praesentia
991 775 1122 835 responso

170 848 242 908 nato
258 845 431 907 chalcidem
446 844 581 920 sesequi
592 846 758 905 insscrtmt
778 844 890 908 Thebis
900 860 1011 920 magna
1021 849 1123 904 conten·

169 931 212 992 tio
228 939 295 991 orta
307 937 374 990 erat
387 944 427 989 ex
440 929 501 989 alio
519 929 693 989 certamine.
722 927 853 990 comitiis
867 927 1029 1004 praetoriis
1043 926 1124 987 Boeo·

169 1022 270 1076 torum
283 1014 365 1073 victa
380 1029 453 1088 pars
468 1011 607 1072 iniuriam
621 1027 814 1088 persequens
834 1019 944 1073 coacta
957 1008 1123 1071 mmotnltoe

169 1098 326 1158 decretum
338 1096 451 1158 Thebis
467 1096 552 1169 lacit,
567 1112 606 1155 ne
620 1095 829 1157 Boeotarchae
837 1095 964 1156 urbibus
974 1094 1124 1169 reciperen·

169 1189 227 1242 tur.
256 1181 381 1242 costales
394 1179 544 1255 Thespias
559 1179 695 1241 universi
707 1185 945 1249 concesseram&
959 1179 1029 1238 iude
1041 1209 1078 1228 «-
1089 1189 1123 1235 rc·

170 1266 251 1340 cepti
265 1266 346 1325 enim
360 1264 427 1324 sine
442 1263 635 1324 cunctatione
648 1271 735 1323 crant
747 1293 791 1310 -·-
803 1263 925 1324 Thebas
947 1264 1007 1323 iam
1024 1257 1124 1321 monta

170 1349 280 1409 animis
294 1347 429 1408 revocati
445 1346 599 1408 decretum
614 1347 743 1420 faciunt,
763 1353 796 1407 ut
817 1347 997 1420 duodecim,
1018 1344 1065 1421 qui
1078 1340 1124 1417 pri·

174 1434 231 1490 rati
244 1440 365 1492 coctum
380 1438 411 1490 et
424 1430 586 1490 concilium
600 1429 794 1505 habuissent,
816 1429 926 1491 exsilio
940 1431 1123 1490 mulmento.

169 1529 271 1574 novus
286 1513 398 1573 deinde
413 1521 536 1587 praetor
548 1543 592 1562 *-
604 1513 753 1574 Ismenias
772 1515 894 1587 isonat,
915 1515 966 1574 vir
984 1511 1086 1572 nobilis
1097 1521 1124 1567 ac

170 1604 280 1672 notem
293 1629 336 1642 -
351 1596 490 1672 capitalis
505 1611 625 1672 poenae
639 1597 784 1658 absentes
800 1613 856 1657 eos
870 1599 998 1658 decreto
1012 1595 1123 1655 damnat

170 1680 344 1740 Chalcidem
359 1682 514 1755 lucernam
535 1681 608 1740 inde
626 1681 666 1740 ad
686 1682 843 1744 Romanos
864 1681 1003 1742 Larisam
1017 1674 1123 1755 proiecti

170 1781 297 1826 causam
311 1781 380 1825 cum
394 1764 508 1825 Perseo
530 1764 684 1825 societatis
706 1766 737 1824 in
761 1764 923 1825 Ismeniam
938 1762 1123 1828 emtulermo

169 1864 209 1908 err
223 1848 418 1910 contentione
431 1855 529 1909 ortum
551 1855 714 1910 certamen.
741 1850 903 1924 utriusque
921 1857 1022 1910 tamen
1046 1841 1123 1920 putit

166 1933 260 2008 legati
272 1934 312 1992 ad
327 1934 484 1996 Romanos
504 1939 668 2006 venerontq
689 1939 720 1992 ct
737 1933 862 1992 exsules
882 1937 1123 2001 accusatoresque

168 2016 318 2076 Ismeniae
326 2014 510 2076 etlsmeoias
521 2017 599 2090 ipse.
612 2016 715 2076 XLIV.
729 2014 943 2076 Chalcidcmut
953 2011 1123 2079 ventumst

169 2100 295 2158 aliarum
309 2100 475 2158 civitatium
488 2099 654 2173 principes,
668 2099 699 2158 id
714 2099 800 2174 quod
813 2099 946 2158 maxima
953 2096 1123 2174 gratumerci

171 2182 332 2253 Romanis,
354 2197 411 2240 suo
426 2196 548 2256 quoque
560 2182 686 2256 proprio
701 2183 818 2244 decreto
833 2185 950 2256 recitat
964 2181 1122 2244 societatem

168 2265 323 2337 aspernati
350 2264 497 2324 Romanis
525 2280 560 2323 se
587 2264 805 2340 adiungebantr
849 2265 997 2328 Ismenias
1023 2266 1123 2338 gentem

166 2346 352 2408 Boeotorum
366 2347 396 2407 in
419 2346 511 2406 iidem
525 2348 731 2408 Romanorum
746 2349 876 2424 pennitti
890 2363 1022 2424 aequom
1036 2354 1123 2405 conse

166 2427 227 2488 bat.
257 2430 328 2490 inde
346 2430 511 2492 certamine
526 2439 609 2504 orto,
624 2432 683 2492 nisi
698 2431 730 2492 in
743 2431 874 2493 tribunal
889 2433 1056 2507 legatorum
1069 2438 1125 2501 per·

166 2511 310 2590 lusisset,
330 2514 413 2574 hand
432 2516 558 2575 mantum
578 2516 667 2590 aluit,
684 2515 758 2591 quin
780 2515 818 2576 ab
838 2516 997 2577 exsulibus
1020 2506 1123 2574 lauteri·

165 2596 289 2672 busque
304 2613 409 2658 eornm
423 2598 653 2662 interficeretur.
669 2598 791 2659 lhebae
806 2615 932 2676 quoque
944 2601 1039 2676 ipsae,
1055 2587 1123 2669 quod

165 2681 312 2743 Boeotiae
332 2690 426 2758 capot
439 2691 502 2755 est,
517 2684 548 2742 in
562 2698 673 2758 magno
687 2690 773 2743 motu
787 2691 888 2759 mant,
903 2684 971 2746 aliis
984 2683 1024 2742 ad
1037 2687 1123 2750 regem

164 2766 353 2827 trahentibus
369 2766 535 2840 civitaten,
555 2766 624 2825 aliis
645 2767 685 2825 ad
698 2766 871 2840 Romanos,
897 2774 927 2828 et
945 2766 1034 2828 tnrba
1047 2761 1123 2822 corc-

164 2863 310 2907 naeorum
316 2849 592 2923 Haliartiorumque
603 2858 790 2911 convenerat
799 2852 841 2912 ad
851 2850 1072 2912 defendendum
1082 2842 1122 2901 de

164 2938 279 2990 cretum
299 2933 404 3006 regiae
424 2932 590 2993 societatis.
619 2933 677 2993 sed
697 2934 868 2996 constantia
895 2934 1061 3011 principum
1080 2925 1122 2985 dt·

164 3015 295 3074 centium
309 3015 450 3076 cladibus
467 3015 597 3091 Philippi
622 3017 843 3094 Antiochique,
861 3026 975 3094 quanta
994 3019 1071 3076 esset
1083 3006 1122 3066 vit

165 3098 287 3158 fortuna
306 3099 423 3173 imperii
438 3107 468 3160 et
489 3100 633 3175 Romani,
655 3102 738 3162 victa
752 3103 860 3163 eadem
874 3100 1031 3164 multitudo
1054 3101 1080 3154 et
1097 3093 1122 3148 nl

164 3183 319 3241 tolleretur
333 3184 418 3258 regin
433 3184 566 3245 societas
581 3184 731 3258 decrevit,
747 3193 778 3246 ct
792 3202 847 3247 eos
863 3187 915 3261 qui
929 3193 1065 3248 auctores
1078 3187 1122 3267 pt·

163 3265 326 3326 cisoendac
354 3267 503 3330 amicitiae
531 3269 649 3328 lucrant
683 3270 722 3329 ad
757 3269 1005 3330 satisfaciendum
1030 3264 1120 3336 legans

163 3349 337 3410 Clralcidem
351 3352 447 3424 misit,
469 3351 604 3427 fideique
625 3353 794 3428 legatorum
816 3352 1019 3414 commendari
1034 3342 1120 3407 civito·

164 3443 222 3492 tem
237 3435 334 3494 iussit.
362 3434 523 3495 Thebanos
545 3435 678 3496 Marcius
701 3443 732 3497 et
755 3437 865 3499 Atilius
891 3436 962 3498 laeti
981 3425 1120 3497 audierunt
