2364 3862
96 249 102 260 .
209 193 270 260 186
374 195 490 256 LIBER
503 193 804 258 deutereseos.
821 196 1012 267 [eumeuii

207 347 350 409 trecentis
366 344 553 407 Cretensium
571 344 669 405 dedit:
691 344 760 420 ipse
770 349 917 404 revocata
927 341 966 402 ab
978 341 1070 402 eiiusa
1080 339 1151 402 caede

206 432 309 507 equite
323 437 354 491 et
366 429 493 506 reliquis
508 426 644 506 pediturn
655 427 739 488 ducit
752 427 793 488 ad
804 425 976 503 proximum
987 424 1151 501 praesidia

206 523 292 576 ratus
304 513 387 574 haud
402 527 515 588 magno
529 512 692 572 cunemine
704 510 834 587 opprimi
847 524 954 586 posse.
974 508 1151 583 IaPompdu

206 598 350 660 tribunus
356 597 482 657 miiitum
493 602 650 671 praeerat,
666 595 718 671 qui
732 595 893 670 perctdscs
904 592 1014 654 milites
1023 591 1151 668 repentino

206 682 339 742 hostium
355 680 487 740 adventu
502 680 532 739 in
547 679 753 755 propinquum
768 679 915 738 tumidum
928 675 1056 752 recepit,
1068 675 1118 736 luci
1128 690 1151 734 se

206 763 380 842 praesidio,
395 764 467 838 qnia
478 777 603 823 numero
616 769 645 822 et
659 762 776 822 viribus
787 761 885 838 impar
895 767 976 834 erat,
990 759 1151 820 deiensurus
1169 805 1170 824 i

206 847 248 909 ibi
264 863 331 908 eum
345 846 376 906 in
396 846 501 907 orbem
517 845 626 907 milites
641 845 808 922 coegisset,
831 853 866 906 ut
880 845 1015 905 densatis
1035 841 1150 903 scutissl
1169 845 1170 858 ¹

206 932 267 991 ictu
281 930 459 1005 sagittarunt
473 937 504 990 et
521 930 688 991 iaculorum
702 943 774 990 sese
787 936 959 999 tuerentur,
982 927 1100 988 Perseus
1111 924 1149 984 eir-

207 1015 349 1076 cumdatc
361 1013 485 1074 annalis
496 1015 613 1075 tumulo
624 1013 703 1074 alios
712 1027 876 1074 ascensum
888 1011 1027 1087 undique
1036 1015 1150 1084 temptare

206 1097 290 1160 iubet
303 1106 333 1159 et
347 1097 517 1159 comminus
532 1099 681 1173 proelium
696 1111 880 1170 eoaserescr
900 1095 981 1157 alios
993 1095 1099 1155 eminus
1109 1091 1150 1150 teia

206 1183 354 1258 ingerere.
384 1180 495 1257 ingens
509 1182 666 1243 Romanos
679 1188 780 1242 terror
795 1179 1027 1240 circumstances
1046 1191 1106 1237 nam
1115 1189 1148 1234 ue

132 1333 139 1342 ,
207 1279 267 1342 que
284 1267 412 1326 conferti
425 1281 563 1342 pugnare
577 1274 704 1341 propter
716 1279 772 1326 eos
788 1262 840 1340 qui
861 1263 892 1322 in
906 1263 1054 1325 tumulum
1067 1259 1149 1320 canite

205 1349 317 1409 bantur
332 1357 488 1424 poterant,
508 1355 538 1408 et
555 1349 608 1410 ubi
629 1349 753 1410 ordines
774 1349 989 1423 procursando
1010 1342 1149 1412 solvissent

206 1432 351 1506 patebant
360 1431 466 1493 iaculis
476 1433 665 1507 sagittisque.
677 1425 808 1492 menime
817 1424 1149 1506 ceatmsphendoaisul·

205 1513 400 1575 uerebantur.
422 1515 481 1575 hoc
495 1516 548 1576 iiio
562 1515 643 1577 bello
658 1531 770 1578 novum
781 1529 882 1590 gestus
894 1516 947 1576 teli
962 1514 1104 1575 inventus
1112 1514 1150 1568 eet

206 1597 341 1673 bipalme
353 1599 505 1675 spiculum
520 1599 620 1660 hastili
636 1597 837 1660 semicubitali
850 1598 980 1660 inlitum
994 1605 1057 1658 erat
1069 1590 1150 1655 crassi

204 1683 309 1745 tudine
325 1681 426 1760 digiti;
447 1683 518 1743 huic
534 1682 681 1758 abiegnae
695 1682 806 1744 breves
818 1683 931 1759 pinnae
943 1689 1023 1756 tres,
1037 1680 1108 1740 velut
1118 1691 1150 1736 sa·

204 1766 286 1842 gillis
300 1767 417 1839 soient,
440 1766 720 1837 circumdabantur3
743 1766 839 1828 lunda
858 1766 965 1826 media,
981 1767 1043 1826 due
1055 1755 1151 1824 senuit

205 1849 332 1925 imparia
352 1851 492 1912 habebat.
516 1865 585 1912 curn
602 1851 709 1912 maiori
730 1850 800 1911 nisu
816 1850 962 1911 liranus
979 1848 1101 1911 funditor
1116 1843 1150 1902 ht·

205 1933 284 1993 bena
298 1941 426 2007 rotaret,
443 1949 608 1997 excussum
619 1937 703 1996 velut
716 1936 804 2010 glans
818 1933 979 1995 emicabat
1001 1946 1066 1994 cua
1075 1937 1101 1990 et
1110 1928 1151 1986 hec

206 2025 235 2076 et
249 2017 308 2078 ali-e
324 2018 406 2078 omni
419 2033 532 2094 genere
547 2019 676 2080 telorum
690 2033 763 2095 pars
777 2019 936 2078 munerata
951 2016 1072 2078 mutan
1085 2017 1150 2080 eesei

205 2114 262 2159 nec
277 2101 367 2161 iacile
382 2102 441 2160 ianr
455 2115 540 2162 arrae
555 2102 630 2162 iussi
644 2103 844 2176 sustinerent,
864 2103 981 2162 instare
996 2115 1063 2173 reu,
1082 2093 1150 2156 atde

204 2182 311 2244 derent
325 2199 369 2257 se,
384 2184 476 2244 iidem
488 2186 570 2259 dare,
587 2187 720 2261 praemia
729 2185 881 2248 interdtun
892 2184 1040 2261 polliceri„
1061 2191 1151 2242 nmer-

204 2264 347 2340 iusquern
356 2267 397 2327 ad
408 2267 593 2330 deumquem
607 2265 786 2331 decmamur
796 2267 932 2343 animus,
949 2283 1066 2329 curaer
1076 2267 1151 2335 inspe

162 2353 166 2362 '
203 2355 268 2408 rate
289 2349 349 2410 iarn
365 2350 526 2414 obsdrmtis
547 2352 625 2414 muri
646 2369 721 2430 spes
741 2352 874 2414 adfulsit
896 2368 969 2412 nam
984 2367 1051 2412 curn
1064 2363 1098 2410 ex
1110 2345 1152 2404 iru-

203 2434 421 2496 mentatoribus
443 2435 630 2512 refugientes
653 2438 777 2512 quidam
803 2438 833 2497 in
862 2443 964 2497 castra
993 2429 1152 2498 nundassmt

204 2517 323 2579 consuli
333 2517 543 2581 circumsideri
553 2521 747 2597 praesidinm,
758 2527 860 2582 metris
871 2520 1011 2596 periculo
1020 2513 1152 2582 tatuviuu

202 2632 244 2646 -—
259 2617 328 2662 narn
343 2603 508 2680 octingenti
523 2606 632 2681 ferme,
647 2611 678 2665 et
691 2619 798 2666 omnes
812 2603 943 2666 Romani
958 2611 1044 2665 erant
1055 2633 1094 2648 υ
1104 2607 1151 2656 elii

202 2683 338 2760 equitatu
365 2703 402 2747 ac
423 2690 483 2749 levi
509 2697 661 2750 armana
678 2719 721 2732 -
741 2693 939 2749 accesserant
957 2703 1041 2750 notra
1058 2678 1151 2745 auxilie

201 2767 349 2830 Numidae
364 2772 484 2846 pedites
503 2772 685 2848 equitesque
699 2781 729 2834 et
746 2772 900 2848 elephanti
915 2801 955 2818 -
972 2770 1077 2833 castris
1089 2775 1159 2839 egit.

201 2851 295 2926 ditur,
317 2861 347 2912 et
360 2853 491 2914 tribunis
503 2855 627 2916 militum
643 2857 786 2933 irruperat,
806 2863 841 2916 ut
852 2856 1009 2931 legionum
1031 2855 1108 2928 signa
1118 2859 1151 2904 ii

196 2941 342 3006 quantur.
359 2935 428 3010 ipse
440 2935 635 2999 velitibusad
646 2940 795 3000 dmmnde
805 2940 920 3000 levium
930 2951 1081 3000 murorum
1090 2926 1151 2993 apd·

201 3015 241 3075 lia
265 3017 393 3080 adiectis
417 3021 456 3080 ed
478 3024 623 3082 tumulum
649 3023 817 3098 praecedit.
854 3022 991 3084 censium
1016 3024 1103 3082 latere
1121 3018 1150 3070 te

200 3109 275 3173 gunt
288 3100 440 3164 Eumenes
455 3105 575 3166 Attalus
597 3113 627 3166 et
640 3107 815 3183 Misagenes
833 3109 961 3180 rfflulus
975 3103 1151 3167 Numidarum·

198 3181 278 3244 LXV
280 3185 302 3244 i.
326 3199 395 3247 cunr
409 3188 440 3247 itt
456 3196 625 3265 conspectu
640 3189 738 3266 prima
752 3190 841 3266 Qua
855 3207 984 3251 sucrum
997 3190 1150 3250 circenses·

200 3267 245 3328 sis
259 3269 395 3345 luerunt,
415 3273 561 3334 Romanis
579 3273 702 3349 quidem
724 3273 761 3334 ab
781 3275 886 3335 ultima
901 3272 1109 3350 desperatione
1117 3275 1151 3322 ri·

199 3360 320 3413 creatus
335 3362 382 3414 est
393 3356 529 3416 annnuss
549 3356 697 3430 Perseus,
720 3359 769 3418 cui
779 3357 909 3434 primum
925 3357 1057 3418 munium
1068 3348 1150 3414 tuest

198 3442 231 3494 nt
245 3445 406 3501 contentus
422 3439 544 3502 renuite
560 3454 727 3518 successu,
742 3442 841 3518 captis
853 3441 971 3518 aliquot
982 3435 1151 3502 truncatae
