2328 3870
163 208 206 274 86
350 205 465 266 LIBER
475 206 535 265 ltL.
559 205 642 266 cdl).
653 212 698 269 37.
710 211 755 268 38.
768 205 805 282 [a.
816 210 851 262 U.
862 226 885 265 c.
898 209 957 276 ⁵72]

166 360 347 436 priusquam
371 355 403 416 in
427 355 596 418 Sardiniam
622 354 813 430 provinciam
832 355 985 429 traiceret,
1008 353 1119 414 decreta.

167 448 313 518 suspecta
333 441 471 526 consulis
491 448 556 500 erat
574 455 657 501 mors
678 439 821 502 maxime.
851 445 975 500 necatus
995 435 1121 509 aQnarta

165 526 296 588 Hostilia
309 540 407 586 uxore
422 523 587 586 dicebatur.
608 531 643 584 ut
656 522 779 600 quidem
794 525 875 585 tilius
890 524 955 584 eius
970 521 1003 594 0.
1016 519 1120 580 Fulvius

165 610 296 672 Flaccus
316 607 462 670 inlocum
482 606 581 670 vitrici
595 609 706 670 consul
719 615 768 668 est
780 607 969 676 declaratus,
989 604 1121 677 aliquanto

166 693 264 768 magis
276 691 399 756 infamis
411 707 495 754 mors
505 688 627 754 Pisonis
639 690 741 767 coepit
755 705 843 761 asss;
866 698 896 751 et
909 695 1004 752 testas
1014 687 1121 748 exsista-

165 777 254 852 bant,
279 776 332 851 qui
352 783 426 851 post
444 774 616 838 declaratos
633 775 780 837 consules
793 774 938 837 Albinum
950 780 980 832 at
992 771 1122 840 Pisonem,

168 861 280 936 quibus
295 858 425 920 comitiis
438 855 568 920 Flaccus
583 861 694 923 tuerat
706 860 872 934 repulsam,
886 865 918 919 et
930 855 1122 931 exprobratum

167 945 195 1003 ei
211 950 338 1004 amatre
359 943 495 1004 dicerent
512 943 669 1018 quodiam
684 943 712 1004 oi
727 943 847 1004 tertium
861 948 988 1018 negatus
1003 935 1122 1000 consula·

167 1035 215 1088 tus
232 1027 344 1102 petenti
364 1033 463 1097 asset,
488 1034 519 1087 et
537 1025 707 1100 adiecisse,
726 1033 849 1101 pararet
862 1041 899 1086 sa
911 1025 951 1088 ad
966 1021 1123 1098 petendum

167 1112 245 1172 intra
258 1111 339 1172 duos
350 1125 473 1171 menses
485 1108 670 1184 effecturam,
685 1111 837 1174 utoonsul
848 1109 944 1172 daret.
966 1107 1041 1168 inter
1050 1104 1124 1163 multu

170 1195 230 1256 alia
249 1193 424 1255 testimonia
443 1193 484 1254 ad
504 1209 630 1258 causam
649 1193 832 1269 perurente
844 1193 923 1256 baec
937 1205 1056 1267 quoque
1068 1200 1124 1258 von,

167 1278 257 1338 nimis
272 1293 348 1338 vero
364 1284 476 1338 eventu
494 1277 707 1353 comprobata,
727 1276 830 1351 valuit,
849 1292 905 1338 our
918 1273 1045 1337 Hostssia
1057 1271 1124 1330 dam·

167 1369 300 1422 naretur.

251 1442 343 1504 Veris
358 1442 631 1518 principibusiam,
653 1443 725 1506 darm
741 1445 890 1507 consides
903 1456 1004 1504 novos
1018 1438 1126 1500 dilectus

168 1529 283 1588 Romae
297 1532 392 1600 tenet,
403 1541 488 1588 mors
500 1526 611 1586 deinde
625 1525 749 1588 durius
764 1534 794 1587 ct
805 1527 931 1588 creandi
942 1522 1126 1588 comitiacor-

167 1611 243 1674 sulis
266 1609 297 1670 in
318 1609 420 1672 locum
440 1608 506 1672 eius
526 1609 629 1670 omnia
649 1609 783 1670 tardiora
802 1612 950 1672 lecerunt.
985 1599 1128 1667 interimit

169 1691 328 1757 Cornelius
349 1701 380 1754 ct
393 1692 434 1754 ll.
448 1690 597 1766 Baebius,
619 1691 671 1768 qui
691 1693 722 1754 in
738 1695 900 1758 corisuiatu
914 1692 987 1754 nibil
1001 1699 1127 1750 mamoa-

167 1779 227 1840 bile
242 1784 413 1854 gesserant,
425 1777 455 1836 in
466 1778 616 1852 Apuanos
626 1775 755 1852 Ligaues
769 1777 939 1840 exercitum
954 1773 1127 1856 induxerunt

165 1861 326 1924 XXXVIII.
347 1860 487 1937 Ligures,
502 1859 554 1935 qui
568 1867 640 1920 ante
653 1860 818 1920 adventum
828 1859 860 1922 in
872 1858 1061 1937 prouinciam
1072 1867 1129 1912 con·

167 1947 268 2008 sulum
290 1961 352 2006 non
367 1950 603 2019 exspectassent
616 1943 744 2018 bellum,
765 1942 937 2019 improviso
953 1935 1089 2020 oppressi
1100 1931 1132 1993 ad

168 2028 331 2090 duodecim
344 2030 426 2091 milia
439 2028 596 2090 bominum
607 2026 790 2090 dediderunt
800 2043 845 2088 se.
867 2042 926 2089 eos
942 2024 1077 2089 consulto
1087 2030 1132 2093 per

167 2113 283 2172 litteras
297 2113 385 2186 prins
399 2117 508 2172 senatu
522 2111 676 2172 deducere
690 2125 728 2174 ex
743 2109 899 2174 montibus
913 2111 948 2174 in
962 2121 1053 2185 agros
1066 2115 1131 2163 cau·

167 2202 288 2270 pcstres
304 2197 410 2269 proonl
425 2194 463 2253 ab
478 2193 580 2265 domo,
599 2208 638 2252 na
651 2191 769 2256 reditus
784 2209 858 2271 spes
873 2203 979 2267 esset,
991 2186 1132 2256 Cornelius

167 2285 199 2338 ct
212 2276 344 2338 Baebius
365 2284 550 2350 statuerunt,
572 2277 687 2340 nullum
706 2276 798 2339 alium
819 2279 998 2340 antennam
1012 2274 1066 2336 rati
1079 2271 1132 2329 lore

166 2359 315 2436 Ligustini
328 2360 408 2422 balli.
431 2376 505 2435 ager
520 2360 660 2436 publicus
676 2361 781 2436 populi
793 2362 923 2424 Romani
939 2368 1005 2424 erat
1019 2358 1048 2421 in
1063 2354 1133 2416 San·

166 2443 294 2516 nitibus,
315 2444 549 2506 Taurasinorum
566 2444 682 2518 suerat.
706 2461 740 2506 eo
756 2461 824 2506 oum
844 2445 1010 2509 traducere
1021 2440 1133 2515 Ligures

165 2530 315 2604 Apuanos
332 2529 451 2601 vallent,
466 2527 644 2601 edixerunt,
659 2525 788 2602 Ligures
802 2527 927 2604 Apuani
942 2529 984 2592 dc
997 2519 1135 2588 montibus

166 2612 391 2674 descenderant
411 2628 479 2673 cum
500 2611 605 2672 liberis
627 2611 887 2687 coniugibusque,
908 2628 968 2676 saa
983 2606 1082 2674 omnia
1095 2615 1135 2662 se·

167 2711 236 2757 cum
255 2703 419 2772 portarent.
447 2696 575 2771 Hamas
596 2710 690 2770 saepe
710 2710 768 2770 per
781 2698 899 2771 lagatos
915 2689 1086 2770 deprecati,
1104 2697 1136 2745 ne

167 2787 308 2854 penates,
329 2780 435 2844 sedem
456 2780 487 2841 in
509 2794 569 2854 qua
589 2777 681 2854 genili
701 2786 820 2852 esscrm
842 2781 988 2855 sepulcra
1001 2777 1137 2837 maiomm

167 2869 349 2936 cogerentur
363 2863 544 2938 relinquere,
560 2878 644 2922 arma
659 2859 785 2924 obsides
800 2863 1034 2938 pollicebantur.
1063 2860 1136 2932 post·

168 2961 260 3019 quam
274 2941 348 3005 nihil
361 2945 578 3020 impetrabant,
595 2961 697 3019 neque
710 2943 792 3007 vires
808 2947 847 3006 ad
862 2946 1040 3008 bollandum
1055 2942 1138 3006 eraut

167 3028 266 3088 edicto
288 3036 461 3104 paruerunt.
489 3028 619 3090 traducti
639 3037 710 3090 sunt
730 3029 853 3103 publico
874 3037 1002 3105 sumptu
1020 3027 1061 3087 ad
1074 3036 1138 3098 qua·

167 3110 306 3186 draginta
322 3111 403 3172 milia
422 3112 583 3174 liberorum
599 3111 733 3188 capitum
747 3129 817 3174 eum
831 3111 951 3176 laminis
968 3109 1140 3188 puerisque·

165 3195 282 3268 argenti
300 3194 370 3256 data
384 3203 504 3257 centurn
519 3203 549 3256 et
563 3194 783 3271 quinquaginta
797 3195 890 3269 milia,
907 3197 990 3258 unda
1005 3195 1035 3253 in
1051 3201 1140 3252 novas

165 3279 260 3340 sedes
273 3288 574 3355 compararentquae
585 3296 665 3354 opus
677 3285 792 3340 assant.
808 3295 881 3354 agro
894 3276 1064 3342 dividendo
1074 3274 1141 3334 dan·

166 3360 271 3436 doque
285 3362 376 3422 iidem
390 3363 442 3437 qui
456 3363 670 3437 traduxerant,
692 3363 849 3424 cornelius
865 3372 895 3424 et
907 3361 1045 3424 Baebius
1062 3368 1142 3434 praa·

165 3443 266 3516 posui,
304 3445 528 3521 postulantibus
547 3453 647 3507 tamen
669 3445 747 3522 ipsis
769 3442 964 3522 quinqueviri
985 3446 1026 3505 ab
1041 3443 1143 3504 senatu
