2364 3862
200 174 312 236 LIBER
325 174 428 236 thtt.
452 174 535 235 CAP-
551 183 593 238 te.
609 181 652 238 te.
675 179 712 248 [a.
728 179 762 233 G.
778 179 839 248 tw]
945 172 1008 238 m

51 343 109 390 cant
131 333 337 402 tempestatem
361 334 608 403 propugnatores
632 326 733 400 urbis,
759 326 831 400 quia
852 341 926 402 spes
946 334 1011 390 erat

52 427 139 487 neque
149 408 256 472 hiemis
268 411 330 470 vir'n
342 410 455 472 diutius
468 409 530 485 pati
542 410 730 488 Macedonas
744 411 775 472 in
787 417 893 486 aperto
904 427 1010 486 posse,

51 510 98 554 nec
111 494 146 554 ab
160 494 297 556 Romano
311 493 392 554 bello
407 501 523 554 tantum
535 495 600 568 regi
620 494 786 556 laxamenti
799 494 875 566 iore,
890 502 923 556 ut
937 511 1009 570 pos·

50 585 91 638 set
107 578 225 638 morari.
255 585 387 638 ceterum
408 584 573 652 postquam
595 578 703 639 vineas
716 578 766 656 agi
781 580 944 653 turresque
958 592 1010 638 cx·

51 663 122 722 citari
144 662 297 735 viderunt,
322 660 404 722 victa
425 660 594 737 pertinacia
618 668 675 726 est
701 678 771 724 nam
796 669 1011 737 praeterquam

51 745 120 818 quod
135 745 288 808 adversus
300 745 363 804 vim
376 759 468 819 pares
483 761 544 806 non
560 752 655 818 erata,
676 761 715 806 ne
730 745 871 806 immenti
886 745 1010 822 quidem

52 835 93 888 aut
108 828 195 888 ullius
217 829 341 890 ulterius
355 826 401 888 rei
422 829 513 903 copia
527 829 608 890 intus
624 838 701 901 erat,
723 837 757 890 ut
776 829 806 888 in
827 829 1012 904 necopinata

50 911 204 971 obsidione.
233 911 337 987 itaque
358 927 426 972 eum
449 911 517 987 spei
537 911 609 972 nihil
633 913 673 972 ad
692 912 897 974 resistendum
917 922 1009 986 esset,

51 993 75 1054 G.
85 995 224 1070 Carvilius
239 994 415 1070 Spoletinus
427 1004 458 1056 et
469 995 500 1056 U.
511 994 657 1056 Afranius
672 1012 691 1056 a
704 996 860 1072 praesidio
872 998 1010 1058 Romano

50 1078 135 1153 nissi,
161 1079 213 1154 qui
235 1095 253 1138 a
272 1078 387 1140 Perseo
403 1085 544 1155 peterent
557 1078 671 1154 primo,
697 1085 731 1140 ut
744 1086 877 1142 armatos
891 1096 1011 1155 suaque

50 1175 139 1222 seeum
153 1163 288 1224 serentes
304 1162 388 1223 abire
402 1161 525 1236 sineret,
547 1162 634 1235 dein,
657 1165 683 1223 si
704 1161 737 1224 id
751 1161 852 1226 minus
866 1163 1010 1240 impetra·

50 1253 119 1320 rent‚
142 1247 223 1306 vitae
245 1253 362 1307 tontum
381 1246 592 1322 libertatisque
613 1245 705 1308 iiduu
725 1243 908 1321 acciperent
937 1263 1009 1322 prc-

50 1327 159 1389 nissum
173 1330 205 1389 id
220 1328 383 1404 benignius
399 1338 447 1392 est
460 1329 499 1390 ab
512 1345 587 1404 rege
602 1345 692 1405 quam
707 1330 900 1405 praestitum
926 1330 1011 1392 exire

31 1489 33 1495 ,
50 1413 116 1472 enim
128 1429 184 1474 sua
204 1429 312 1474 secum
326 1413 523 1476 efferentibus
538 1413 634 1474 iussis
647 1414 776 1490 primun
791 1430 875 1476 urna
889 1415 1010 1476 ademit.

50 1493 88 1554 lis
101 1497 170 1557 urbe
184 1495 323 1572 egressis
339 1505 370 1560 et
383 1497 555 1576 lllyriorum
570 1496 682 1560 cohors
695 1531 737 1542 -
753 1497 909 1574 quingenti
924 1506 1010 1560 erant

51 1609 84 1624 —
94 1588 121 1641 et
132 1579 332 1642 Uscanenses
347 1597 382 1642 sc
396 1581 565 1657 urbemque
576 1581 768 1642 dediderunt.
789 1581 866 1644 Xlll.
877 1582 1009 1644 Perseus

16 1739 17 1744 ἵ
51 1664 186 1734 praesidio
202 1666 346 1728 Uscanae
361 1663 504 1740 imposito
520 1664 740 1726 multitudinem
756 1679 877 1724 omnem
892 1665 1010 1725 dedito-

16 1799 18 1848 ?
51 1760 112 1820 run,
126 1764 204 1822 quae
220 1764 322 1824 prope
336 1764 462 1811 numero
478 1748 644 1808 exereitum
660 1748 827 1823 aequabat,
851 1747 1010 1808 Stuberam

52 1828 164 1891 abducit.
189 1833 233 1892 ibi
254 1833 400 1894 Romanis
418 1866 461 1878 —
482 1838 624 1907 quattuor
644 1829 726 1892 milia
741 1836 840 1892 autem
856 1829 1010 1890 holtrinum

16 1855 19 2005 i
52 1922 120 1974 aem
131 1945 172 1958 —
187 1922 312 1992 praeter
325 1916 479 1992 principes
490 1917 521 1978 in
533 1915 704 1978 custodiam
718 1913 882 1976 civitatium
893 1912 1010 1987 divisis,

18 2005 22 2144 ὶ
55 1993 267 2060 Uscanensibus
278 1999 452 2076 Illyriisque
466 1999 598 2060 venditis
613 1999 644 2060 in
658 1996 830 2058 Penestiam
844 1997 1009 2058 exercitum

20 2149 21 2168 χ
53 2080 150 2142 reducit
165 2084 205 2143 ad
221 2081 377 2144 anneum
391 2082 539 2159 oppidum
554 2083 584 2142 in
600 2090 782 2158 potestatem
795 2081 1010 2155 redigendum:

20 2169 22 2240 ³!
54 2170 77 2221 ct
87 2165 191 2240 alioqui
207 2175 384 2242 opportune
399 2168 503 2240 situm,
528 2173 559 2226 et
572 2167 716 2230 transitus
738 2183 776 2227 ea
790 2166 881 2226 estin
894 2165 1010 2226 Labea-

21 2243 22 2282 ἴ
54 2251 97 2322 tes,
106 2247 153 2309 ubi
161 2250 290 2311 Gentius
300 2250 458 2326 regnabat.
471 2252 674 2326 praetereunti
686 2252 834 2328 frequens
842 2250 1011 2321 castellum,

22 2329 24 2370 ¹1
54 2326 225 2396 Draudacum
243 2334 375 2408 nomine,
389 2333 555 2410 peritorum
570 2335 692 2409 quidam
707 2333 841 2408 regionis
857 2331 924 2394 eius
939 2331 1012 2392 nihil

24 2473 25 2484 q
55 2409 157 2477 anneo
177 2424 271 2494 capto
291 2434 371 2494 opus
386 2433 458 2480 esse
473 2417 529 2489 ait,
549 2417 605 2478 nisi
621 2417 652 2476 in
667 2423 818 2492 potestate
832 2423 862 2478 et
875 2415 1011 2474 Drauda-

25 2529 27 2560 ;
56 2508 109 2556 cura
122 2498 173 2561 sit:
202 2501 409 2577 opportunius
430 2502 520 2562 etiam
535 2501 576 2560 ad
591 2501 692 2562 omnia
708 2501 841 2575 positum
855 2513 937 2558 esse.
959 2497 1011 2556 ad·

26 2567 28 2627 l
56 2587 120 2641 noto
133 2586 271 2646 exercitu
285 2601 392 2646 omnes
407 2584 563 2660 extemplo
576 2584 760 2644 dediderunt
773 2597 855 2642 sese.
878 2595 940 2655 qua
955 2595 1012 2654 spe

27 2635 29 2695 i
56 2663 181 2728 celeriore
191 2668 349 2730 deditione
360 2676 489 2743 erectus,
505 2674 671 2744 postquam
686 2663 902 2736 animadvertit,
917 2679 1011 2738 quan·

57 2750 93 2805 lus
105 2753 227 2824 agminis
242 2752 290 2812 sui
306 2759 403 2814 terror
418 2759 510 2826 esset,
531 2751 672 2812 undecim
689 2749 749 2810 alia
762 2748 889 2810 castella
903 2748 1013 2808 eodem

58 2837 121 2892 melu
143 2835 172 2895 in
198 2843 381 2911 potestatem
406 2833 525 2910 redigit.
559 2835 599 2894 ad
620 2849 777 2910 perpauca
795 2833 827 2893 vi
847 2849 926 2908 opus
948 2832 1012 2906 luit,

60 2918 141 2977 cetera
160 2922 315 2980 voluntate
336 2919 456 2988 dedita;
484 2927 516 2979 et
535 2919 565 2979 in
586 2918 634 2977 his
655 2917 770 2994 recepti
784 2917 865 2976 mille
880 2924 911 2976 et
926 2918 1013 2993 quin-

59 2999 123 3064 btnti
136 3000 277 3079 dispositi
292 3018 348 3078 per
362 3002 518 3078 praesidia
532 3002 642 3062 nrilites
656 3001 794 3062 Romani.
817 3017 928 3075 magno
943 3001 1014 3062 usui

62 3074 186 3146 cavitas
208 3087 385 3162 Spoletinus
407 3093 473 3146 erat
491 3088 521 3145 in
544 3085 721 3160 colloquiis,
743 3084 874 3146 dicendo
895 3084 968 3146 nibil
984 3085 1014 3143 in

61 3173 126 3231 tpsos
146 3171 302 3231 saevitum.
331 3169 402 3230 inde
422 3170 462 3230 ad
483 3168 638 3230 anneum
652 3177 831 3244 perventum
846 3176 908 3242 est,
930 3166 1014 3244 quod

61 3241 111 3305 sine
127 3249 203 3314 iusta
217 3254 449 3329 oppugnatione
471 3254 539 3328 capi
554 3270 615 3312 non
637 3253 765 3327 poterat.
788 3261 818 3312 et
831 3251 946 3310 maiore
960 3248 1013 3307 ali·

62 3337 153 3422 iltuto
168 3353 256 3413 quarn
273 3344 374 3398 cetera
390 3333 555 3410 iuventute,
576 3345 605 3396 et
619 3337 753 3397 validum
767 3334 916 3411 oppidum
929 3345 1012 3390 moe-

63 3409 226 3492 alluserat,
252 3429 282 3480 et
308 3421 380 3481 hinc
407 3420 505 3480 amnis
527 3422 651 3480 Artattm
672 3418 810 3489 nornine,
835 3415 906 3474 hinc
925 3428 1013 3473 mons
