2424 3872
197 207 313 267 LIBER
327 207 458 267 llxxlx.
482 209 563 268 CAP.
578 218 659 272 aro.
675 221 717 272 11.
741 217 776 284 [ι.
794 217 825 268 c.
843 219 905 283 ree]
1020 209 1042 271 9
1124 238 1134 259 ·

62 362 200 420 cesserat
211 356 435 418 consuetudine
448 365 545 434 cepta,
561 367 595 420 ut
605 368 678 438 post
689 363 808 436 patroni
819 369 954 437 aionem,
970 364 1043 438 quia

61 443 88 502 in
104 440 223 501 nullius
240 455 333 500 manu
348 448 426 514 erat,
448 447 547 503 tutore
562 459 580 503 a
593 444 723 505 tribunis
738 453 768 506 et
781 452 923 520 praetore
936 448 1042 521 petito,

61 541 128 586 eum
143 530 359 602 testamentum
375 524 496 599 laceret,
516 543 611 586 unum
624 527 789 588 Aebutium
807 529 978 589 institueret
989 528 1041 588 he-

58 608 174 668 redem.
205 606 243 664 X.
264 606 343 666 haec
363 607 476 669 amoris
496 609 626 684 pignora
647 625 715 670 cum
737 618 857 685 essent,
880 626 937 670 nec
958 612 1041 687 quic-

61 706 152 766 quam
171 696 326 750 secretum
341 691 417 749 alter
431 690 469 749 ab
484 693 580 753 altero
594 693 756 766 baberent,
779 708 835 768 per
851 691 954 755 iocum
967 695 1042 754 ado·

59 775 182 834 lescens
193 778 278 832 vetat
289 787 358 832 eam
368 773 478 848 mirari,
487 774 514 834 si
524 789 580 849 per
588 775 704 849 aliquot
713 785 820 838 noctes
833 776 1042 837 secubuissetr

58 853 217 930 religionis
234 870 271 914 se
286 870 389 926 causa,
405 863 438 916 ut
452 863 524 918 voto
539 874 596 932 pro
613 859 785 920 valetudine
799 875 857 921 sua
870 861 951 920 lacto
966 858 1029 920 libe

59 946 151 1012 retur,
166 937 300 998 Bacchis
316 937 428 998 initiari
441 941 530 1000 velle.
562 942 593 1001 id
608 942 661 1002 ubi
672 943 781 1004 mulier
795 941 911 1004 audivit
924 950 1042 1017 pertur-

60 1023 132 1082 bata
147 1021 209 1095 „dii
223 1021 389 1082 meliorat“
411 1021 524 1097 inquit:
547 1026 624 1085 mori
639 1029 669 1084 et
683 1025 742 1086 sibi
757 1032 787 1086 et
800 1025 842 1085 illi
857 1026 953 1086 satius
969 1041 1042 1087 esse

1 1165 2 1184 ἶ
61 1120 151 1180 quam
172 1105 204 1163 id
219 1103 403 1173 iaceret;·et
417 1104 448 1166 in
463 1114 555 1182 caput
568 1122 674 1167 eorum
689 1107 835 1185 detestari
849 1109 947 1169 minas
963 1110 1042 1184 peri·
1149 1171 1154 1180 ,

61 1190 201 1262 aulaque,
219 1186 271 1261 qui
286 1187 318 1246 id
333 1189 514 1249 suasissent.
537 1187 703 1250 admiratus
716 1204 784 1250 cum
794 1191 890 1251 verba
900 1198 963 1251 tum
974 1207 1041 1266 per·

61 1270 265 1330 turbationem
287 1276 401 1330 tanmm
422 1271 605 1332 adolescens
626 1287 753 1346 parcere
777 1273 1042 1334 exsecrationibus

62 1353 157 1413 iubet:
172 1359 300 1414 matrem
311 1353 344 1413 id
355 1354 414 1414 sibi
425 1353 616 1416 adsentiente
627 1355 734 1416 vitrico
745 1356 925 1430 imperasse.
940 1357 1043 1432 „vitri-

63 1451 116 1496 cus
128 1440 225 1510 ergo⁴‘
239 1435 340 1511 inquit
354 1443 626 1510 „tuus—matrem
637 1439 716 1498 enim
727 1438 903 1499 insimulare
915 1440 1042 1501 forsitan

62 1521 107 1580 las
121 1535 183 1580 non
199 1517 295 1580 sit-
305 1520 482 1595 pudicitiam
494 1522 604 1582 lamam
616 1537 704 1597 spem
715 1523 869 1599 vitamque
879 1530 962 1583 tuam
974 1539 1043 1598 per·

64 1602 157 1662 ditum
169 1602 216 1662 ire
230 1601 290 1662 hoc
304 1602 385 1664 fecto
397 1609 573 1679 properat“
594 1620 632 1666 eo
647 1606 743 1681 magis
755 1605 937 1668 mirabundo
950 1622 1044 1682 quae-

61 1687 217 1762 rentique,
239 1684 315 1760 quid
330 1687 374 1746 rei
390 1694 487 1768 esset,
508 1702 618 1764 pacem
632 1689 816 1765 veniamque
830 1697 955 1764 precata
970 1690 1043 1750 deo·

62 1785 126 1829 rum
144 1770 351 1844 dearumque,
372 1770 398 1830 si
414 1778 520 1832 coacta
535 1771 660 1831 caritate
674 1773 740 1832 eius
755 1771 875 1833 silenda
889 1773 1044 1833 enuntias·

65 1860 115 1927 set
123 1851 267 1913 ancillam
278 1867 314 1913 se
325 1853 367 1913 ait
378 1851 520 1916 dominae
532 1854 672 1914 comitem
682 1853 715 1913 id
726 1853 894 1914 sacrarium
903 1852 1044 1928 intrasse,

63 1935 199 1997 lberam-
215 1952 383 2012 numquam
407 1954 446 1998 eo
470 1937 655 1998 accessisse.
695 1936 776 1996 scire
805 1938 1045 2010 corruptelarum
1065 1994 1088 2034 χ

64 2021 159 2080 omnis
180 2020 304 2094 generis
327 2035 395 2080 eam
412 2019 574 2082 officinam
594 2033 681 2090 esse;
710 2027 741 2081 et
760 2018 820 2080 iam
834 2018 957 2081 biennio
973 2035 1045 2080 con·

64 2109 143 2164 stare
153 2103 308 2164 neminem
319 2103 467 2164 initiatum
478 2103 520 2164 ibi
531 2104 677 2164 maiorem
689 2102 778 2166 annis
788 2103 904 2180 viginti.
915 2108 949 2164 ut
961 2103 1044 2178 quis·
1135 2161 1138 2170 .

65 2203 123 2260 que
148 2187 341 2248 introductus
365 2185 418 2262 sit,
445 2188 528 2248 velut
546 2186 699 2262 maumam
719 2188 799 2248 tradi
819 2185 1044 2249 sacerdotibus.

64 2284 116 2330 eos
138 2270 295 2332 deducere
308 2268 339 2330 in
354 2271 457 2332 locum
473 2271 525 2346 qui
540 2271 747 2332 circumsonet
758 2271 923 2333 ululatibus
938 2279 1044 2332 cantu-

64 2369 121 2428 que
143 2352 349 2432 symphoniae
373 2360 403 2415 et
423 2355 633 2432 cymbalorum
654 2362 685 2416 et
704 2363 922 2432 tympanorum
942 2354 1045 2429 pulsu,

63 2452 100 2496 ne
111 2453 177 2498 vox
193 2436 381 2517 quiritantis,
398 2453 466 2498 cum
480 2453 537 2514 per
549 2437 612 2498 vim
626 2446 766 2514 stuprum
779 2437 934 2512 inferatur,
951 2453 1046 2498 exau-

64 2519 117 2580 diri
137 2520 249 2596 possit.
280 2535 370 2582 orare
391 2521 502 2581 deinde
522 2529 615 2597 atque
640 2523 819 2593 obsecrare,
839 2527 873 2582 ut
893 2535 961 2580 eam
980 2534 1046 2578 rem

65 2618 260 2680 quocumque
275 2605 442 2665 discuteret
455 2605 563 2676 modo,
578 2619 636 2664 nec
652 2620 686 2664 se
701 2619 738 2664 eo
754 2603 977 2678 praecipitaret
993 2601 1046 2660 ubi

66 2689 164 2749 omnia
184 2689 311 2749 infanda
323 2688 469 2763 patienda
482 2688 628 2763 primum,
649 2686 761 2746 deinde
775 2684 916 2745 facienda
930 2691 1045 2744 essent.

65 2785 164 2846 neque
179 2778 252 2832 ante
267 2770 381 2832 dimisit
394 2786 478 2846 eum,
495 2785 586 2846 quam
601 2769 692 2830 fidem
708 2766 794 2828 dedit
807 2767 990 2828 adolescens
1006 2767 1045 2828 ab

65 2852 110 2914 his
124 2855 223 2915 sacris
239 2870 275 2914 se
290 2861 535 2930 temperaturum.
561 2853 611 2914 Xl.
634 2858 800 2928 postquem
814 2851 938 2913 domum
953 2850 1044 2924 vemt

66 2944 94 2996 et
110 2943 208 2998 mater
227 2936 412 2998 mentionem
432 2939 545 3013 intulit,
567 2936 642 3012 quid
663 2953 700 2997 eo
721 2934 786 3007 die,
809 2936 883 3012 quid
896 2934 1045 3010 deinceps

67 3021 183 3094 ceteris,
200 3036 281 3096 quae
297 3021 337 3080 ad
350 3036 440 3082 sacra
450 3021 645 3098 pertinerent,
661 3020 834 3081 laciendum
846 3026 938 3094 esset,
954 3026 1047 3094 negat

67 3116 169 3165 corum
191 3119 227 3166 se
249 3103 415 3180 quicquam
435 3106 599 3177 iacturum,
621 3119 679 3164 nec
698 3102 810 3164 initiari
824 3103 881 3162 sibi
896 3101 928 3162 in
944 3101 1045 3162 animo

67 3200 143 3248 csse.
166 3189 274 3249 aderat
288 3186 423 3249 sermoni
436 3188 572 3250 vitricus.
598 3189 759 3250 confestim
770 3187 882 3248 mulier
896 3189 1047 3246 exclamat

67 3267 210 3346 Hispalae
226 3272 391 3350 concubitu
406 3287 511 3334 carere
526 3287 596 3333 eum
611 3272 718 3332 decem
732 3277 841 3332 noctes
855 3286 917 3331 non
931 3283 1043 3344 possea

67 3351 143 3416 illius
167 3362 312 3416 excetrae
334 3354 546 3416 delenimentis
569 3362 600 3416 et
612 3355 740 3416 venenis
758 3354 905 3416 imbutum
919 3366 977 3412 nec
991 3363 1047 3423 pa·

67 3440 157 3500 rantis
179 3455 238 3499 nec
257 3437 358 3500 vitrici
378 3455 436 3500 nec
458 3439 586 3501 deorum
606 3436 824 3500 verecundiam
838 3436 960 3497 habere.
984 3430 1050 3498 iura
