2364 3862
218 221 329 282 arana
343 221 445 282 xant.
468 220 552 282 ono.
567 231 593 284 1.
615 223 770 303 [acan]
925 223 982 286 tas

331 477 472 576 itii
514 481 650 580 IIVI

283 647 338 708 AB
359 647 476 711 Ulilili
500 647 701 714 CONDITA

375 779 486 844 LIBER
506 781 608 843 XLIII.

420 941 571 952 ..-

43 1041 171 1093 introita.
199 1045 331 1095 Praetores
347 1046 458 1108 aliquot,
473 1048 584 1112 eoquod
599 1046 734 1098 crudeliter
750 1055 775 1096 et
791 1061 866 1098 avere
880 1049 981 1113 provin-

68 1125 112 1160 ous
122 1110 355 1174 administrassent,
371 1115 484 1166 damuati
495 1125 563 1166 sunt.
594 1116 621 1165 Ρ.
634 1115 746 1166 Licinius
758 1114 864 1166 Ormsus
875 1131 982 1181 procon-

68 1179 99 1229 sul
109 1179 250 1246 complures
262 1185 288 1234 in
302 1181 406 1234 GraecIa
419 1185 493 1235 urbes
506 1184 663 1250 expugnarit
679 1192 705 1234 et
717 1185 850 1236 crtrdeliter
862 1185 981 1252 diripuit:

68 1249 93 1298 oli
104 1248 128 1298 id
140 1251 251 1316 captiti,
273 1253 317 1316 qui
330 1253 361 1303 ab
375 1268 404 1302 eo
422 1255 469 1303 sub
487 1268 581 1304 corone
593 1253 736 1316 venierint,
756 1269 788 1304 ex
805 1261 908 1304 senatus
920 1268 981 1302 eou-

66 1316 120 1366 sulto
131 1325 219 1382 postea
229 1321 340 1370 restituti
352 1329 418 1372 suut.
435 1323 494 1372 item
507 1338 522 1372 a
533 1320 669 1387 praelectis
683 1319 800 1372 classium
811 1323 981 1373 Romanarum

65 1384 133 1436 multa
142 1387 294 1453 impotenter
311 1391 337 1439 iu
355 1391 440 1441 socios
453 1391 528 1441 luctu.
554 1405 594 1440 res
606 1397 738 1456 praeterea
755 1391 873 1442 ePerseo
883 1405 943 1458 rege
956 1393 982 1440 in

66 1453 157 1505 lincis
166 1471 289 1523 prospere
301 1465 387 1524 gestas
400 1461 520 1519 eontinet,
534 1459 609 1510 victis
617 1459 741 1511 Bardasir
753 1468 778 1510 et
788 1460 897 1526 illirico,
909 1459 981 1510 culus

66 1537 102 1572 rex
110 1533 158 1574 erut
170 1525 287 1576 Gentius.
308 1534 405 1586 motus,
423 1530 467 1590 qui
485 1529 511 1577 in
523 1529 646 1593 illspsuie
658 1531 690 1581 ab
703 1527 805 1580 Olonico
824 1529 906 1582 iactus
918 1536 980 1590 erut,

67 1592 113 1655 ipso
123 1593 272 1660 interempto
285 1596 408 1646 consedit.
428 1597 461 1650 M.
471 1597 593 1647 Aemilius
603 1598 716 1664 Lepidus
729 1600 901 1649 ascensoribus
912 1598 982 1663 prlu·

66 1676 114 1726 ceps
124 1663 147 1710 lu
159 1672 249 1714 senatu
261 1664 349 1714 lectus.

93 1797 110 1855 l.
137 1797 252 1860 Eadem
272 1806 403 1873 aestate,
434 1815 496 1875 qua
510 1799 539 1858 ln
551 1799 709 1858 Thessalia
722 1800 796 1860 iaec
807 1805 892 1873 aesta
904 1807 981 1870 sant,

35 1875 55 1945 il·
66 1879 170 1943 litam
183 1884 304 1958 legatus
319 1885 349 1942 iu
360 1883 514 1962 Illyricum
525 1899 544 1943 a
554 1885 681 1944 consule
693 1879 823 1954 missus,
839 1883 983 1956 opulenta

34 1958 75 2020 luo
88 1965 195 2040 oppida
209 1964 411 2042 oppugnavit
433 1981 539 2028 eorum
554 1981 647 2027 unum
658 1966 687 2024 vi
702 1972 795 2041 atque
807 1963 899 2025 armis
911 1979 982 2025 coe·

35 2042 63 2114 git
72 2044 94 2104 ln
106 2047 303 2122 deditionem
321 2052 484 2126 omniaque
498 2048 535 2110 iis
545 2066 603 2111 sua
613 2050 782 2123 concessit,
795 2054 828 2110 ut
838 2047 983 2124 opInione

35 2125 179 2192 clementiae
192 2149 251 2196 eos
267 2135 319 2211 qui
335 2133 517 2194 Carnuntem
530 2134 673 2194 munitam
689 2133 794 2193 urbem
810 2133 984 2194 incolebant

35 2209 156 2275 adiiceret.
177 2224 344 2294 postquam
356 2233 414 2278 neo
427 2225 461 2279 ut
475 2218 622 2277 dederent
636 2229 671 2278 se
683 2218 866 2292 compellere
882 2232 983 2292 neque

36 2305 119 2368 capere
129 2299 301 2362 obsidendo
313 2309 441 2376 poterat,
455 2315 494 2360 ne
505 2302 625 2362 duabus
637 2301 917 2378 oppugnationibus
929 2317 981 2359 ne·

37 2376 150 2453 iniquam
170 2385 314 2460 fatigatus
336 2386 423 2445 miles
445 2391 543 2457 esset,
571 2400 663 2460 quam
678 2385 763 2459 prius
777 2387 918 2445 intactam
933 2399 982 2444 ur-

36 2454 84 2521 bem
95 2465 266 2543 reliquerat,
283 2467 416 2544 diripuit.

95 2548 171 2610 Alter
186 2554 295 2613 consul
312 2553 342 2612 G.
360 2551 485 2613 Cassius
501 2567 557 2612 nec
572 2552 603 2611 in
619 2552 730 2624 Gallia,
752 2568 842 2626 quarn
857 2550 982 2609 sortitus

37 2635 302 2703 immemorabile
323 2635 487 2711 quicquam
501 2634 614 2711 gessit,
636 2643 666 2694 et
686 2651 742 2709 per
755 2633 907 2710 Illyricum
929 2633 983 2692 du·

37 2721 86 2802 iere
102 2716 234 2792 legiones
256 2721 285 2778 in
300 2719 512 2780 Macedoniam
533 2733 611 2778 vano
632 2719 754 2793 incepto
776 2723 824 2776 est
845 2722 983 2777 conatus.

39 2803 177 2868 inausum
199 2803 259 2864 hoc
281 2804 337 2863 iter
359 2807 517 2864 consulem
536 2810 661 2864 senatus
683 2817 721 2862 ex
742 2799 983 2876 Aquileiensium

40 2871 117 2968 latis
130 2886 286 2961 cognovit,
310 2887 362 2962 qui
377 2894 540 2962 querentes
556 2887 706 2946 coloniam
721 2901 808 2946 suam
829 2900 940 2944 novam
955 2895 984 2947 et

41 2958 154 3028 mimam
174 2969 305 3030 necdum
326 2969 401 3030 satis
428 2970 571 3031 munitam
595 2970 672 3030 inter
696 2965 823 3030 infestas
844 2970 983 3031 nationes

41 3036 153 3111 littorum
168 3061 198 3114 et
214 3053 387 3131 lllyriorum
403 3069 476 3114 esse
491 3069 560 3114 curn
575 3060 729 3129 peterent,
744 3061 778 3114 ut
789 3060 915 3113 senatus
932 3069 983 3114 ou·

30 3135 76 3218 {lte
86 3129 214 3210 haberet,
235 3139 390 3212 quomodo
406 3153 443 3197 ea
458 3136 579 3198 colonia
593 3137 773 3208 muniretur,
799 3135 983 3212 interrogati,

30 3209 158 3332 {vellentne
173 3236 238 3280 eam
254 3237 317 3282 rem
333 3222 365 3282 c.
381 3221 488 3282 Cassio
509 3221 627 3281 consuli
642 3220 794 3293 mandari,
815 3221 983 3296 responde·

42 3301 89 3353 unt
106 3299 235 3364 cassium
257 3305 427 3381 Aquileiam
448 3303 561 3366 indicto
582 3304 718 3364 exercitu
737 3305 909 3378 proiectum
930 3317 984 3376 per

44 3367 163 3465 llIiiltum
182 3387 213 3448 in
226 3388 438 3450 Macedoniam
453 3403 534 3448 esse.
562 3404 599 3448 ea
617 3403 668 3447 res
686 3387 783 3462 primo
799 3384 984 3446 incredibilis

45 3465 102 3536 '¹⁸³2
114 3474 140 3526 ei
152 3487 204 3545 pro
219 3488 255 3533 se
271 3471 404 3548 quisque
419 3471 545 3532 credere
560 3471 666 3531 Carnis
685 3470 812 3528 forsitan
834 3477 886 3527 aut
899 3465 984 3525 Istris
