2328 3870
5 355 7 364 r

5 599 6 606 t

5 611 7 620 r

5 627 6 636 r

5 649 7 660 t

212 201 326 268 LIBER
336 207 395 268 XL.
419 210 501 270 cab.
516 219 559 274 le.
574 221 618 276 lu.
641 222 723 290 [ec.
739 226 801 293 179]
955 225 997 289 lle

50 349 153 426 Lepidus
166 354 303 428 pontifex
318 359 468 420 maximus
484 369 513 422 et
527 362 567 422 Μ.
582 363 707 428 Fulvius
721 367 874 445 Nobilior,
894 374 945 448 qui
960 391 999 436 ex

50 434 136 495 ‚letalis
150 436 395 513 triumphaverat.
428 443 506 504 inter
519 445 577 507 hos
592 447 677 510 viros
693 449 813 512 nobiles
827 454 999 520 inimicitiae

48 525 121 591 cant,
139 535 230 596 saepe
249 524 352 584 multis
368 532 398 586 et
412 526 443 588 in
457 536 566 590 senatu
581 532 665 592 etad
678 535 829 610 poputum
843 540 998 602 atrocibus

46 601 186 663 celebratae
206 606 433 669 certaminibus.
467 613 596 674 comitiis
618 617 783 691 coniectis,
806 625 839 679 ut
857 621 999 693 badltum

5 691 7 758 ζ
43 683 176 759 antiquitus
196 696 258 762 est,
281 705 430 754 censores
451 695 481 754 in
497 696 611 772 campo
632 699 672 760 ad
691 715 775 762 aram
788 700 896 764 Martis
912 706 996 766 sellis

5 763 7 800 ³
43 768 166 830 cunibus
181 774 404 846 eonsedcmnl;
427 794 490 852 quo
505 788 631 854 repente
645 784 803 860 principes
818 793 996 850 senatorum

5 871 6 924 j
41 865 91 908 cum
111 854 222 926 agmine
246 866 399 920 venerunt
418 861 562 937 civitatis,
589 864 767 943 intorques
788 868 822 942 Q.
845 869 995 934 caecilius

5 951 7 1006 j
40 929 148 1004 lletellns
163 939 256 998 verba
270 941 353 1002 lecit.
380 943 485 1004 XLVl.
507 961 589 1019 „nou
605 948 689 1010 obliti
704 967 820 1027 sumus,
836 969 994 1032 censores,

42 1031 82 1076 vos
98 1021 178 1093 paulo
199 1029 272 1082 ante
287 1024 327 1085 ab
341 1027 487 1088 universo
501 1031 619 1105 populo
633 1032 772 1096 Romano
787 1037 923 1099 moribus
938 1056 993 1101 no-

5 1107 13 1142 1·
39 1099 90 1160 stis
100 1106 291 1179 praepositos
306 1122 388 1183 osse,
403 1117 433 1171 ot
447 1127 504 1172 nos
520 1129 539 1172 a
553 1114 642 1175 vobis
656 1122 687 1176 et
702 1117 860 1180 admoneri
871 1128 902 1182 et
915 1124 989 1197 regi,

39 1197 83 1244 non
102 1200 153 1247 vos
173 1204 192 1248 a
209 1189 304 1251 nobis
327 1191 450 1254 debere.
484 1195 680 1260 indicandum
703 1206 804 1261 muron
829 1208 892 1276 est,
919 1204 993 1279 quid

5 1317 6 1326 ,
38 1280 120 1328 omues
132 1271 229 1332 bonos
245 1274 277 1334 in
292 1274 382 1335 vobis
396 1285 449 1337 aut
464 1277 601 1340 offendat
615 1286 666 1340 aut
680 1289 764 1344 certo
773 1292 918 1346 mutatum
930 1302 992 1347 ma·

5 1339 6 1432 l
36 1347 80 1410 lint
98 1353 228 1430 singulos
241 1372 313 1419 cum
324 1359 485 1435 iutuemur,
496 1359 536 1420 tl.
548 1364 667 1438 Aemili,
679 1363 719 1424 tl.
731 1365 828 1441 Fulvi,
840 1368 992 1432 neminem

5 1441 6 1450 ¹
36 1429 103 1496 lodie
114 1437 142 1496 in
155 1440 277 1500 civitate
291 1440 457 1518 habemus,
479 1459 585 1520 quem,
600 1448 627 1508 si
641 1463 822 1512 revocemur
834 1451 865 1512 iu
880 1453 991 1514 suffra·

36 1515 106 1593 pun,
131 1523 257 1585 veliums
283 1525 374 1586 vobis
394 1528 563 1602 praelatum
583 1546 664 1592 esse.
697 1533 788 1595 ambo
810 1551 878 1596 curn
900 1538 990 1598 simul

5 1627 6 1630 ¹
37 1601 185 1680 aspicimus,
200 1623 266 1668 non
281 1624 451 1684 possumus
466 1628 527 1673 non
542 1616 656 1688 vereri,
672 1632 711 1676 no
728 1619 807 1678 male
822 1619 990 1693 comparati

35 1681 94 1758 sitis,
113 1704 166 1749 nec
178 1699 300 1752 tantum
316 1694 362 1752 rei
377 1695 519 1769 publicae
533 1699 631 1771 prosit
645 1700 728 1773 quod
743 1701 884 1760 omuibus
899 1702 989 1763 nobis

5 1757 6 1808 1
35 1770 127 1844 enegio
140 1773 281 1850 placetis,
298 1791 391 1851 quam
407 1779 491 1853 quod
505 1780 677 1840 alteralteri
689 1782 858 1856 displicetis
869 1792 988 1843 noceat.

5 1899 6 1904 ,
35 1846 172 1918 iuimicitias
186 1875 245 1934 por
260 1875 362 1920 annos
375 1861 487 1922 maritos
502 1862 592 1922 vobis
608 1863 684 1938 ipsis
699 1879 812 1938 graves
826 1871 857 1923 et
866 1872 988 1925 atroces

5 1955 7 2012 ῑ
35 1935 124 2012 snus,
148 1957 229 2018 quae
244 1973 245 1976 π
255 1943 426 2019 periculum
445 1953 494 2006 es't
513 1961 553 2006 ne
573 1962 612 2005 ex
632 1946 692 2006 hac
713 1947 763 2006 die
785 1946 873 2007 nobis
894 1955 924 2008 et
944 1951 988 2044 rei

5 2021 7 2074 l
34 2017 145 2086 rubeae
170 2043 266 2102 quam
285 2027 377 2088 vobis
397 2029 557 2104 gnomones
578 2030 660 2091 liant.
693 2030 733 2090 de
753 2029 864 2105 quibus
884 2045 988 2094 causus

5 2157 6 2162 ,
33 2095 241 2183 hocbmeamus
252 2112 347 2172 multa
359 2121 551 2189 succurrunt,
560 2128 641 2189 quae
651 2113 899 2190 dicerentur,nisi
911 2117 989 2177 lorte

34 2179 209 2259 inplacabiles
225 2193 348 2256 lueritis
361 2194 394 2236 **
406 2194 628 2272 implicaverint
644 2197 764 2258 animos
778 2208 909 2261 vestros.
929 2201 986 2260 has

34 2272 55 2324 tt
64 2266 154 2350 hodie,
168 2286 203 2338 ut
215 2277 251 2338 in
265 2278 325 2339 isto
340 2281 455 2354 tempto
470 2279 582 2341 liniatis
597 2281 782 2356 simultates,
798 2297 986 2357 quaesumus

5 2343 6 2398 Ὗ
33 2364 71 2410 uos
90 2358 232 2436 universi,
260 2370 290 2422 et
311 2378 392 2438 quos
412 2365 569 2430 coniunxit
587 2364 742 2440 suffragiis
764 2366 830 2426 suis
852 2369 986 2442 populus

32 2429 169 2517 Romanus,
194 2444 257 2506 bac
278 2446 368 2506 otiam
392 2447 640 2508 reconciliatione
664 2448 780 2522 gratiae
801 2450 945 2523 coniungi
968 2465 987 2507 a

5 2565 6 2592 ,
31 2517 96 2581 nobis
113 2526 233 2600 sinatis;
263 2544 326 2589 uno
348 2530 465 2605 animo,
486 2547 549 2592 uno
569 2531 697 2591 consilio
712 2532 821 2605 legatis
837 2537 984 2603 senatum,

30 2603 120 2674 equites
129 2611 329 2687 recenseatis,
337 2615 436 2688 agatis
448 2629 583 2684 censum,
591 2615 719 2676 lustrum
730 2614 886 2708 condatise
902 2614 986 2687 quod
1043 2627 1045 2632 ’

5 2685 6 2746 i
31 2679 189 2756 incudibus
210 2697 278 2756 tere
298 2696 527 2771 precationibus
549 2695 765 2770 nuncupabitis
780 2695 883 2792 verbus
905 2705 986 2793 ,mut

5 2823 6 2828 ,
31 2779 103 2832 eares
113 2777 180 2838 mihi
193 2781 395 2856 collegaeque
410 2797 479 2842 meo
491 2781 571 2840 bene
583 2788 613 2840 et
625 2777 752 2838 feliciter
761 2784 910 2854 cvemat,“
920 2783 938 2812 ‘⁴
953 2781 984 2839 td

31 2844 186 2935 itinerare,
210 2869 246 2922 ut
260 2878 300 2922 ex
318 2864 419 2926 animo
433 2863 534 2926 volitis
550 2865 691 2936 evenire,
712 2860 931 2938 elliciatiequo,
951 2872 986 2925 ut

33 2937 92 3002 luel
109 2941 180 3005 deos
195 2947 313 3021 precati
327 2948 425 3022 eritis,
447 2948 479 3006 id
493 2964 551 3008 vos
566 2949 645 3008 velle
659 2945 749 3007 etiam
763 2947 904 3008 hominos
919 2963 985 3008 ore-

30 3012 120 3082 lltmus.
143 3028 174 3087 Τ.
189 3028 295 3091 Tatius
315 3039 346 3092 et
359 3031 525 3104 Romulus,
545 3033 576 3090 in
591 3029 679 3092 cuius
698 3029 783 3090 urbis
797 3030 899 3092 medio
914 3033 983 3093 toro

5 3161 6 3168 ,
32 3099 78 3160 acie
93 3105 191 3172 hostes
213 3117 447 3188 concurrerant,
467 3113 509 3174 ibi
525 3112 698 3175 concordes
712 3122 887 3188 regnarunt.
922 3132 982 3178 non

32 3185 98 3247 nodo
111 3192 291 3271 simultates,
312 3197 370 3257 sed
386 3198 467 3258 bella
482 3213 607 3274 quoquo
624 3196 784 3260 liniuntur:
810 3215 849 3258 ex
862 3198 981 3261 infestis

32 3258 140 3334 hostibus
166 3280 346 3356 plenumque
367 3281 445 3342 socii
465 3281 588 3353 fideles,
615 3281 767 3342 interdum
787 3280 876 3343 etiam
899 3284 982 3342 cives

5 3341 6 3414 i
33 3343 93 3412 lunt.
111 3359 214 3420 Albani
229 3364 330 3424 diruta
340 3366 421 3426 Alba
432 3365 560 3426 Romam
571 3364 700 3426 traducti
716 3372 795 3440 sunt,
806 3364 913 3436 Latini,
926 3364 968 3424 Sa

5 3425 6 3490 Ϊ
32 3424 76 3492 bini
87 3437 112 3496 in
125 3443 270 3508 civitatem
286 3448 414 3524 accepti.
438 3451 593 3523 vulgatum
608 3448 690 3520 illud,
707 3446 780 3522 quia
792 3461 897 3507 verum
908 3456 979 3518 erat,
