2424 3872
213 249 256 312 36
362 245 476 306 LIBER
489 245 620 306 XXXIX.
643 244 727 304 CAP.
741 249 786 306 st.
796 251 839 306 38.
856 247 892 316 [ιι.
905 247 941 300 tt.
952 264 976 298 c·
989 247 1050 314 568]

212 405 286 464 mitu
300 410 362 474 est,
378 400 435 461 sed
450 408 562 460 metum
576 399 679 458 iniecit
691 398 839 472 imperata
852 394 1026 456 recusandi.
1054 395 1085 453 id
1099 395 1175 455 modo

211 488 378 564 petierunt,
399 493 437 545 ut
445 483 575 544 Romani
595 497 676 558 quae
696 481 872 541 viderentur
891 479 930 538 de
943 477 1175 539 Lacedaemoniis

210 577 375 642 mutarent,
402 583 458 627 nec
469 549 621 627 Achaeos
646 566 792 640 religione
813 561 1034 638 obstringerent
1053 562 1131 621 irrita
1148 577 1176 620 eo

212 670 291 730 quae
316 651 511 712 iureiurando
533 650 710 710 sanxissent
730 646 870 708 faciendi.
905 645 1056 707 damnatio
1077 651 1176 706 tantum

210 739 283 798 Arei
298 744 329 796 et
342 734 519 808 Alcibiadis,
536 749 615 810 quae
630 749 728 808 nuper
742 735 822 792 lacta
837 737 910 804 erat,
926 731 1045 790 sublata
1059 735 1115 792 est.

294 819 455 880 XXXVIII.
477 820 594 878 Romae
614 817 764 892 principio
786 817 852 876 eius
873 815 961 886 anni,
984 829 1052 874 cum
1067 813 1106 874 da
1120 827 1175 888 pro·
1197 879 1199 886 ,

208 903 317 963 vinciis
333 903 493 964 consulum
505 909 536 962 et
548 908 722 976 praetorum
734 907 834 960 actum
845 905 937 972 osset,
953 897 1128 958 consulibus
1137 895 1176 956 Li·

209 1002 310 1062 gures,
328 985 400 1061 quia
413 986 526 1045 beilum
541 1001 694 1061 nusquam
709 983 781 1044 alibi
795 991 868 1057 erat,
885 981 1008 1042 decreti.
1030 987 1175 1056 praetores

210 1071 241 1131 C.
256 1069 412 1131 Decimius
426 1069 537 1129 Flavus
551 1069 714 1140 urbanam,
729 1068 762 1126 P.
778 1067 935 1127 Cornelius
950 1065 1101 1141 cethegus
1114 1065 1178 1124 intel

209 1155 292 1215 cives
315 1161 344 1213 et
364 1155 541 1228 peregrinos
564 1153 661 1214 sortiti
681 1159 768 1224 sunt,
790 1152 821 1210 C.
844 1150 1041 1224 Sempronius
1061 1149 1176 1208 Blaesus

209 1237 351 1310 Siciliam,
367 1236 400 1310 Q.
413 1235 544 1297 Naevius
559 1236 661 1296 Matho
676 1234 845 1296 Sardiniam
860 1241 890 1294 et
903 1241 936 1293 ut
949 1231 1030 1293 idem
1045 1233 1086 1292 de
1099 1245 1177 1292 vene-

207 1321 287 1382 ficiis
303 1327 472 1396 quaereret,
488 1323 524 1378 A.
537 1321 695 1380 Terentius
706 1319 805 1378 Varro
816 1317 996 1393 Hispaniam
1011 1317 1175 1384 citeriorem,

206 1404 237 1462 P.
254 1404 454 1477 Sempronius
470 1403 594 1476 Longus
608 1401 788 1477 Hispaniam
801 1402 983 1463 ulteriorem.
1009 1399 1049 1461 de
1063 1400 1101 1459 iis
1115 1399 1177 1458 dua·

206 1489 264 1546 bus
278 1485 443 1560 provinciis
457 1486 546 1560 legali
558 1486 657 1560 perid
669 1481 1177 1559 ieretempusL.Iuventiuslbelna

207 1578 237 1630 el
252 1571 283 1627 T
298 1569 476 1642 Quinctilius
486 1569 589 1628 Varus
605 1576 761 1642 venerunt,
778 1569 830 1645 qui
847 1573 994 1644 quantum
1008 1566 1178 1627 beilumiam

206 1651 429 1727 profligatum
421 1669 451 1710 m
466 1651 614 1727 Hispania
634 1660 717 1712 esset
737 1660 846 1712 senatu
867 1652 977 1711 edocto
994 1651 1178 1725 postularunt

206 1737 304 1809 simul,
320 1744 353 1796 ut
366 1752 423 1810 pro
438 1737 530 1796 rebus
546 1742 619 1796 tam
615 1751 771 1812 prospere
784 1733 880 1811 gestis
896 1735 954 1794 diis
969 1732 1176 1793 immortalibus

205 1820 368 1880 haberetur
387 1820 502 1893 honos,
524 1827 554 1879 et
573 1826 606 1881 ut
625 1819 817 1895 praetoribus
839 1818 1005 1878 exercitum
1024 1818 1178 1891 deportare

205 1902 318 1962 liceret.
348 1904 560 1979 supplicatio
553 1921 581 1963 m
604 1903 729 1963 biduum
744 1903 867 1962 decreta
881 1908 941 1962 est:
964 1901 1002 1960 de
1017 1898 1178 1974 legionibus

205 1987 420 2062 deportandis,
437 2004 506 2047 cum
521 1988 560 2046 de
576 1988 735 2047 consulum
752 1991 988 2060 praetorumque
1003 1981 1179 2043 exercitibus

205 2078 353 2143 ageretur,
368 2086 432 2128 rem
443 2071 590 2143 integram
601 2069 707 2130 referri
721 2069 885 2129 iusserunt.
907 2083 1025 2142 paucos
1037 2075 1112 2141 post
1122 2065 1179 2125 dies

205 2153 384 2212 consulibus
406 2151 435 2210 in
450 2153 578 2226 Ligures
599 2153 689 2213 binae
702 2153 856 2228 legiones,
878 2167 955 2227 quas
969 2153 1028 2226 Ap.
1045 2149 1179 2210 Claudius

204 2241 234 2294 el
244 2235 284 2293 Μ.
298 2234 497 2309 Sempronius
509 2236 685 2308 habuerant
700 2236 840 2297 decretae
852 2242 932 2295 sunt.
955 2235 995 2294 de
1006 2231 1180 2310 Hispanien-

205 2319 290 2377 sibus
310 2317 494 2378 exercitibus
516 2335 627 2392 magna
648 2319 799 2380 contentio
823 2320 879 2379 iuit
892 2319 970 2378 inter
983 2334 1084 2378 novos
1100 2329 1181 2391 prae-

203 2409 285 2460 tores
301 2409 331 2460 et
344 2401 460 2460 amicos
476 2402 654 2474 absentium,
667 2403 821 2478 Calpurnii
833 2402 1034 2476 Quinctiique.
1057 2397 1182 2473 utraque

204 2501 297 2544 causa
317 2484 456 2544 tribunos
478 2485 592 2559 plebis,
615 2492 745 2561 utraque
766 2488 923 2547 consulem
938 2485 1079 2545 habebat.
1108 2483 1138 2542 hi
1152 2495 1182 2539 se

201 2567 427 2628 intercessuros
443 2575 568 2628 senalus
584 2570 739 2640 consulto,
756 2569 786 2629 si
801 2569 1012 2644 deportandos
1028 2569 1183 2644 censerent

202 2653 371 2725 exercitus,
399 2653 634 2713 denuntiabant=
663 2653 720 2726 ilii,
745 2652 771 2712 si
792 2652 869 2712 haec
889 2651 1071 2714 intercessio
1092 2651 1181 2720 lieret

202 2735 315 2794 nullam
329 2751 393 2794 rem
409 2736 497 2796 aliam
509 2752 544 2795 se
554 2736 678 2796 decerni
691 2751 851 2810 passuros.
872 2734 954 2796 victa
965 2741 1124 2812 postremo
1136 2731 1182 2790 ab·

200 2818 333 2877 sentium
353 2819 450 2890 gratia
468 2827 515 2880 cst
529 2826 560 2879 et
573 2826 697 2879 senatus
714 2821 886 2880 consultum
901 2820 1028 2892 iactum,
1051 2825 1085 2878 ut
1100 2831 1183 2892 prae-

203 2908 285 2959 tores
303 2907 446 2973 quattuor
460 2903 542 2961 milia
556 2903 693 2977 peditum
707 2903 914 2963 Romanorum
930 2901 1114 2972 scriberent,
1129 2907 1183 2958 tre·

202 2991 309 3043 centos
325 2983 460 3058 aquilea,
483 2993 511 3044 et
527 2986 661 3061 quinque
676 2985 757 3046 milia
771 2985 925 3046 sociorum
940 2985 1076 3061 peditum
1090 2979 1185 3042 Latini

200 3065 347 3140 nominis,
373 3065 556 3142 quingentos
578 3069 713 3145 equites
735 3084 815 3144 quos
837 3083 942 3129 secum
963 3069 994 3128 in
1008 3066 1184 3142 Hispaniam

200 3156 366 3225 portarent.
391 3165 459 3210 cum
470 3167 524 3212 eas
536 3153 672 3226 legiones
685 3159 827 3226 quattuor
838 3151 1086 3227 descripsissem,
1102 3145 1186 3224 quod

119 3249 125 3256 ·
201 3233 270 3308 plus
287 3250 377 3309 quam
394 3234 486 3308 quina
501 3235 582 3294 milia
595 3233 739 3310 peditum,
755 3235 871 3295 treceni
883 3235 1003 3310 equites
1014 3235 1044 3294 in
1058 3229 1186 3306 singulis

199 3317 370 3391 legionibus
387 3325 478 3391 esset,
494 3317 689 3392 dimitterent,
711 3333 766 3377 eos
783 3319 913 3392 primum
928 3318 980 3393 qui
994 3313 1120 3377 emerita
1135 3312 1186 3372 sti·

199 3402 314 3475 pendia
329 3401 486 3473 haberent,
502 3401 612 3460 deinde
622 3409 655 3461 ut
669 3400 820 3476 cuiusque
831 3401 997 3462 fortissima
1009 3413 1107 3475 opera
1121 3395 1175 3457 cai

200 3487 328 3558 purnius
345 3493 375 3545 et
391 3484 547 3559 Quinctius
562 3485 592 3543 in
606 3483 725 3560 proelio
740 3484 788 3543 usi
804 3490 917 3544 essent.
