2424 3872
180 173 223 240 24
321 173 436 236 LIBER
450 173 582 234 XXXIX.
605 171 689 233 CAP-
703 180 748 235 ab.
760 176 804 236 ²7.
828 177 864 246 [a.
876 177 912 230 U.
925 193 949 230 e.
960 178 1023 245 567]

181 325 295 404 quibus
308 323 351 385 illi
365 329 466 400 agunt,
484 322 649 384 civitatium
664 338 789 384 causam
803 339 884 383 esse.
918 324 1078 385 consulem
1091 324 1166 384 Aci·

179 411 253 471 lium
267 416 298 470 et
307 409 464 470 Romanos
480 407 538 468 sibl
553 406 679 467 dedisse
694 422 756 480 eas,
772 421 841 467 cnm
856 406 989 468 bostium
1004 414 1122 468 essent.
1140 406 1166 467 si

180 509 270 555 sunm
280 507 391 553 munus
403 491 456 568 qui
467 490 627 551 dedissent
637 488 771 550 adimere
783 491 884 562 velint,
899 490 979 551 seire
991 491 1167 550 cedendum

180 592 268 639 ossea
291 575 349 636 sed
369 574 487 634 meliori
507 580 537 634 et
552 572 683 634 fideliori
703 573 802 634 arnico
819 574 849 633 in
867 573 994 649 gratiam
1009 575 1123 634 levium
1138 581 1168 634 et

179 660 329 722 inutilium
349 657 505 720 sociomm
524 656 663 717 iniuriam
676 671 734 717 eos
748 671 820 716 csse
834 659 979 718 factiuns.
1011 673 1069 717 nee
1084 658 1167 717 enim

179 745 270 806 ullius
290 743 335 804 rei
355 742 454 802 minus
475 739 649 801 diuturnam
668 756 741 801 esse
761 741 888 815 gratiam
903 755 995 816 quam
1008 741 1168 816 libertatis,

179 825 361 904 praesertim
375 825 458 899 apud
473 839 529 885 eos
546 823 598 899 qui
613 825 692 884 male
705 824 819 886 utendo
831 839 900 884 eam
911 824 1084 899 corrupturi
1095 824 1168 884 sint

180 925 275 971 causa
290 909 412 984 cognita
425 909 700 985 pronuntiavenmt
713 908 805 984 legati
819 909 941 983 plaeere
953 907 1066 968 deduci
1077 923 1168 982 prae-

179 993 260 1054 sidia
273 992 476 1053 Macedonum
498 1007 538 1051 ex
555 990 593 1052 iis
608 991 752 1067 tnbibns,
775 999 805 1050 et
818 991 952 1066 antiquis
965 990 1170 1052 Macedoniae

179 1077 315 1138 terminis
329 1091 458 1151 regnum
473 1076 562 1136 finiri.
587 1075 626 1136 de
640 1073 757 1136 iniuriis
773 1090 851 1150 quas
863 1076 943 1136 ultro
953 1075 1091 1149 citroque
1100 1072 1170 1134 illa·

180 1168 228 1221 tas
250 1167 430 1236 querantur,
455 1175 516 1235 qno
537 1160 630 1219 modo
646 1159 725 1219 iuter
738 1173 792 1218 eas
809 1165 920 1234 gentes
933 1165 963 1218 et
976 1157 1169 1218 Macedonas

182 1243 386 1321 disceptetur,
416 1243 578 1304 lormulam
600 1242 674 1303 iuris
700 1242 892 1317 exsequendi
920 1241 1168 1305 constituendam

180 1342 261 1388 esse.

263 1410 384 1470 XXVll.
404 1410 480 1469 lude
499 1410 634 1485 graviter
647 1408 770 1470 olienso
784 1425 857 1483 rege
870 1407 1110 1470 Thessalonicen
1127 1407 1167 1473 ad

179 1494 430 1568 cognoscendum
446 1493 485 1552 de
498 1492 645 1552 'lbraeiae
659 1492 786 1553 urbibus
801 1492 1046 1568 proficiscuntur.
1068 1491 1109 1551 ibi
1124 1492 1169 1551 le

178 1577 239 1651 gali
253 1575 415 1648 Eumenis,
439 1577 466 1636 si
486 1577 599 1637 liberas
620 1591 693 1637 esse
705 1576 826 1636 Aenum
840 1583 871 1634 et
883 1576 1058 1637 Maroneam
1073 1574 1171 1634 velint

178 1659 323 1732 Romani,
347 1659 420 1719 nihil
440 1659 488 1719 sui
508 1659 637 1736 pudoris
658 1674 730 1720 esse
744 1660 824 1720 ultra
838 1660 942 1720 dicere
957 1674 1048 1736 qnam
1062 1664 1096 1718 ut
1113 1659 1170 1718 ad-

179 1751 338 1817 moneant,
353 1759 403 1818 re,
419 1759 482 1804 non
496 1743 592 1805 verbo
607 1759 663 1805 eos
678 1743 793 1804 liberos
805 1742 1061 1816 relinquant-nec
1075 1757 1170 1802 sunm

178 1843 287 1888 munus
310 1827 448 1904 intercipi
469 1827 509 1888 ab
530 1828 590 1888 alio
606 1828 766 1902 patiantur.
800 1827 963 1886 sinautem
978 1823 1079 1884 minor
1092 1840 1169 1886 cura
1191 1831 1206 1866 ⁸

180 1911 220 1972 sit
240 1912 406 1972 civitatium
427 1913 457 1972 in
477 1911 607 1973 Thracia
631 1910 814 1986 positarum,
840 1911 934 1970 multa
959 1908 1062 1969 verius
1083 1924 1170 1984 esse,

179 2011 258 2071 qnae
273 1997 330 2056 sub
346 1995 499 2056 Antiocho
513 1996 639 2069 mertui,
654 1994 790 2070 praemia
803 1993 874 2053 belli
888 1992 1057 2054 Eumenem
1072 2008 1170 2067 quam

177 2077 351 2153 Philippum
364 2079 487 2152 habere,
503 2079 553 2136 vel
566 2094 623 2153 pro
636 2078 730 2152 patris
741 2075 834 2138 Attali
845 2074 961 2137 meritis
972 2075 1063 2150 bello,
1078 2077 1169 2150 quod

177 2160 329 2220 adversus
340 2160 513 2236 Philippum
527 2159 630 2235 ipsum
643 2161 776 2236 gesserit
786 2161 921 2236 populus
932 2161 1100 2234 Romanus,
1117 2161 1171 2221 vel

177 2243 250 2314 suis,
272 2243 356 2318 quod
370 2242 515 2304 Antiochi
529 2243 707 2304 bellnterra
720 2243 859 2319 marique
872 2243 1030 2304 laboribus
1045 2243 1170 2319 perieu-

177 2326 279 2402 lisque
299 2327 440 2387 omnibus
463 2325 642 2387 interfuerit.
669 2327 784 2387 habere
798 2333 1042 2402 cumpraeterea
1058 2327 1171 2387 decem

176 2409 345 2484 legatorum
361 2409 391 2470 in
413 2425 481 2470 eam
500 2426 566 2471 rem
585 2411 820 2485 praeiudicium,
842 2411 895 2485 qui
911 2426 979 2470 cnm
995 2409 1170 2472 Chersone·

177 2508 246 2552 sum
260 2493 549 2570 Lysimachiamque
564 2494 720 2569 dederint,
738 2494 916 2555 Maroneam
932 2509 1057 2570 qnoque
1072 2499 1172 2568 atque

175 2576 295 2638 Aenum
311 2578 451 2653 proiecto
466 2577 602 2653 dedisse,
618 2593 698 2654 quae
709 2579 779 2652 ipsu
790 2578 1017 2653 propinquitate
1028 2577 1171 2652 regionis

176 2662 260 2720 velut
275 2661 465 2736 appendices
481 2660 605 2723 maioris
620 2664 755 2723 muueris
770 2668 886 2722 essent.
908 2677 979 2721 nam
992 2660 1172 2736 Philippum

176 2743 301 2817 quidem
317 2761 379 2820 qno
394 2752 447 2806 aut
460 2745 566 2806 merito
582 2746 613 2806 in
627 2747 773 2821 populum
783 2747 955 2806 Romanum
970 2751 1022 2806 aut
1032 2745 1100 2805 iure
1111 2743 1171 2803 im·

175 2825 262 2901 perii,
279 2841 348 2887 cum
365 2833 424 2887 tum
439 2831 547 2902 procul
562 2843 580 2886 a
593 2828 706 2888 linibus
717 2827 918 2888 Macedoniae
933 2828 1043 2902 absint,
1060 2827 1172 2888 civita·

176 2907 257 2969 tibus
278 2907 327 2968 his
350 2910 505 2984 praesidia
525 2910 735 2987 imposuisset
764 2913 870 2973 vocari
890 2911 1057 2974 Maronitas
1078 2911 1173 2971 iube-

174 2999 256 3051 rent:
279 2991 317 3051 ab
339 2991 377 3052 iis
393 2993 523 3054 certiora
538 2993 641 3055 omnia
654 2995 693 3055 de
708 3001 790 3056 statu
804 2996 968 3056 civibttinm
984 3011 1089 3056 earum
1106 2995 1172 3056 sei-

173 3089 270 3135 turos.
307 3074 399 3150 legati
418 3075 636 3139 Maronitarum
662 3078 763 3140 vocati
788 3096 848 3141 non
874 3097 936 3141 nno
958 3080 1028 3141 loco
1048 3085 1174 3138 tantum

174 3156 261 3218 urbis
282 3158 470 3234 praesidium
491 3161 609 3237 regium
631 3177 717 3235 esse,
738 3164 818 3226 sicut
838 3165 868 3223 in
889 3163 957 3224 aliis
979 3161 1173 3233 civitatibuS,

175 3239 331 3315 dixemnt,
353 3243 411 3302 sed
427 3242 564 3318 pluribus
580 3246 685 3319 simul,
700 3252 731 3306 et
745 3247 866 3323 plenam
880 3247 1085 3307 Macedonum
1101 3243 1175 3303 Ma·

174 3339 301 3386 raucam
323 3341 403 3386 esse.
437 3327 541 3403 itaque
561 3330 710 3391 dominari
732 3332 944 3392 adsentatores
965 3329 1086 3405 regios:
1118 3327 1176 3386 his

175 3405 252 3468 solis
267 3408 352 3484 loqui
367 3417 397 3470 et
408 3409 438 3469 in
451 3418 560 3473 senatu
572 3412 642 3474 etin
655 3415 849 3475 contionibus
861 3414 968 3480 licerea
985 3428 1041 3473 eos
1055 3425 1176 3473 omnes
