2368 3858
227 191 425 252 EPITOMAE
440 191 644 253 LIBRORUM
658 195 842 254 XCVI—CI.
961 193 1023 256 313

36 341 121 392 guerit.
141 343 171 381 ab
190 341 270 382 eodem
285 341 309 382 L.
326 341 412 384 Gelllus
433 341 510 382 consul
529 345 552 382 et
567 342 594 387 0.
613 343 693 383 Arrius
712 345 800 395 praetor
821 344 869 385 acle
888 342 942 384 neti
960 348 1022 388 sunt.

34 395 152 438 Sertorius
173 407 188 437 a
206 397 247 439 M'.
268 397 365 436 Antonio
385 400 407 436 ct
421 396 451 437 M.
467 397 579 448 Perperna
598 401 620 437 et
634 397 686 438 aliis
701 396 822 437 coniuratis
836 397 858 438 lu
873 397 976 438 convlrlo
991 399 1023 438 in-

35 450 145 490 terfectus
160 453 208 500 est,
228 452 308 490 octavo
324 449 418 490 ducatus
432 450 466 490 sui
481 461 551 499 anno,
573 460 665 502 magnus
681 449 739 499 dua,
754 453 777 490 et
790 450 898 492 adversus
913 451 971 491 duos
984 451 1023 492 lm·

35 506 163 557 peratores,
178 503 309 556 Pompeium
324 506 347 544 et
361 503 489 553 Metellum,
505 506 530 545 ut
544 504 683 556 frequentius
697 503 775 554 victor,
790 503 818 544 ad
833 505 934 546 ultimum
949 505 1023 546 deser·

35 563 72 599 tua
86 560 111 598 et
130 556 243 611 proditus.
264 557 380 610 imperium
396 558 492 610 partium
507 557 535 598 ad
549 558 580 599 M.
594 558 728 611 Perpernam
743 559 874 600 translatum
890 562 937 610 est,
957 569 1022 612 quem

35 613 75 656 cu.
86 612 210 664 Pompeius
223 611 307 653 victum
322 614 457 664 captumque
471 611 591 662 interfecit,
606 623 633 653 ac
648 613 733 665 recepit
746 612 866 664 Hispanias
880 612 966 654 decimo
976 612 1024 653 lere

34 677 92 707 anno
108 677 177 718 quam
192 668 296 719 coeptum
311 669 359 706 erat
374 665 465 708 bellum.
482 665 507 708 C.
519 667 611 708 Cassius
621 664 744 760 proconsul
759 669 783 706 et
798 667 839 708 Cn.
849 667 946 708 Manlius
960 677 1022 720 prae·

35 719 144 762 turmale
159 719 272 761 adversus
285 719 418 773 Spartacum
432 723 597 773 pugnaveruutq
613 721 619 760 i

34 773 164 816 mandatum
180 776 225 815 est.

85 827 180 873 xcvii.
200 829 233 871 M.
254 827 349 870 Crassus
367 832 456 882 praetor
477 829 571 882 primum
592 841 641 870 cum
660 831 724 882 parte
744 828 899 881 fugitivorum,
921 841 979 882 quae
994 839 1022 870 ex

35 881 107 924 Gallis
128 881 294 936 Germanisque
315 883 445 934 constabat,
466 882 561 924 feliciter
580 887 699 936 pugnavit,
720 883 793 924 eaesis
812 881 911 925 hostium
931 882 1023 936 triginta

35 937 135 990 quinque
155 937 247 980 milibus
267 939 289 977 et
310 936 366 978 duce
385 948 460 978 eurum
477 937 585 982 Gannico.
605 949 654 978 cum
669 936 776 990 Spartaco
797 935 877 978 delude
892 936 1022 988 debellarit,

34 992 106 1032 caesis
126 1003 180 1032 cum
198 991 249 1042 lpao
269 992 387 1043 sexaginta
404 991 501 1032 milibus.
520 991 552 1033 M.
571 993 680 1032 Antonius
700 994 789 1044 praetor
809 991 892 1033 bellum
912 991 1022 1032 adversus

34 1045 157 1086 Cretenses
172 1056 252 1098 parurn
266 1056 375 1099 prospere
388 1047 476 1097 gestum
491 1049 561 1086 morie
575 1055 617 1085 sua
631 1045 711 1088 hnlrlt.
732 1046 764 1088 M.
781 1044 888 1087 Lucullus
901 1043 1021 1099 proconsul

32 1099 131 1140 Thracas
146 1100 246 1152 subegit.
261 1100 285 1140 L.
299 1098 406 1140 Lucullus
420 1100 443 1140 ln
457 1099 532 1140 Ponto
545 1099 653 1141 adversus
664 1098 813 1139 Mithridatem
829 1098 925 1141 feliciter
938 1109 1021 1154 pugna·

34 1155 72 1202 rit,
87 1156 165 1194 caesis
180 1152 279 1194 hostium
292 1153 389 1206 amplius
404 1165 470 1205 quam
484 1154 602 1205 sexaginta
616 1153 713 1194 milibus.
728 1153 759 1194 M.
770 1152 896 1194 Crassuset
908 1152 1020 1196 Cu.Pom·

33 1209 96 1260 peius
112 1208 221 1249 consules
234 1207 288 1248 lacti
303 1207 353 1260 (sed
363 1208 490 1261 Pompeius,
506 1210 624 1259 antequam
640 1209 783 1258 quaesturam
798 1209 891 1258 gereret,
907 1218 957 1247 exe
975 1207 1022 1246 uite

32 1263 142 1314 nomme)
158 1262 300 1302 tribuniciam
315 1263 450 1314 potestatem
464 1261 617 1303 restituerunt.
633 1261 813 1313 iudiciaquoque
823 1261 896 1313 perL.
907 1217 1021 1303 Auraium

33 1318 123 1360 Cottam
139 1319 269 1370 praetorem
283 1316 312 1355 ad
327 1316 416 1368 equites
429 1317 541 1357 Romanos
556 1315 664 1357 translata
678 1317 738 1356 suut.
759 1313 902 1357 Mithridates
917 1314 1018 1368 despera·

33 1371 94 1412 tloue
110 1381 186 1411 rerum
201 1381 290 1412 suarum
306 1372 397 1412 coactus
412 1369 440 1410 ad
455 1369 570 1421 Tigranem
584 1370 700 1410 Armeniae
714 1379 789 1421 regem
802 1368 909 1420 confugit.

83 1424 189 1467 XCVlll·
204 1423 323 1466 Machares
336 1424 395 1466 iilius
410 1423 555 1475 Mithridatis,
571 1422 665 1476 Bospori
679 1433 726 1473 rex,
741 1424 769 1463 ab
784 1423 808 1464 L.
818 1423 911 1463 Lucullo
927 1424 948 1462 iu
965 1421 1009 1463 ami

1 1499 2 1506 κ
32 1478 109 1520 citiam
122 1482 230 1530 receptus
245 1481 290 1522 est.
312 1478 352 1520 cu.
368 1478 477 1520 Lentulus
491 1482 513 1518 et
527 1479 554 1520 1..
569 1476 656 1518 Gellius
671 1487 775 1520 censores
788 1486 891 1530 asperam
905 1486 1020 1519 eerrsuram

33 1535 140 1584 egerunt,
165 1535 273 1584 quattuor
287 1535 310 1572 et
324 1533 442 1584 sexaginta
456 1534 535 1574 acuatu
551 1532 628 1581 motis,
642 1543 656 1571 a
670 1531 751 1583 quibua
765 1530 835 1572 lustro
850 1530 939 1571 condito
954 1540 1020 1570 censa

32 1589 85 1628 aunt
99 1587 184 1628 civium
200 1588 275 1638 capita
290 1586 452 1639 quadringenta
467 1585 629 1638 qulnquaginta
643 1584 712 1629 milis.
726 1586 754 1628 L.
769 1585 878 1627 Metellus
892 1589 982 1638 praetor
997 1585 1019 1624 iu

32 1640 114 1681 Sicilia
132 1640 244 1682 adversus
262 1640 347 1692 piratas
366 1650 474 1694 prospere
495 1651 540 1681 rem
559 1641 637 1692 gessit.
658 1638 764 1691 templum
783 1639 842 1680 lovis
861 1639 882 1678 in
903 1638 1020 1693 Capitolio,

33 1694 92 1746 quod
108 1694 214 1736 incendio
231 1697 384 1746 consumptum
399 1705 425 1734 ac
439 1694 546 1734 refectum
561 1695 615 1742 erat,
631 1703 644 1732 a
658 1693 686 1737 Q.
702 1693 781 1734 Catulo
797 1692 921 1732 dedicatum
935 1693 977 1734 est.
993 1691 1019 1735 L.

34 1748 142 1790 Lucullus
162 1750 185 1788 ln
204 1749 310 1790 Armenia
329 1747 482 1790 Mithridatem
501 1750 525 1787 et
543 1747 657 1799 Tigranem
678 1749 701 1788 et
715 1747 817 1798 ingentes
832 1747 948 1798 utriusque
962 1744 1020 1796 regia

34 1800 420 1899 {uulltill’u‘ulltlili
435 1798 1021 1907 thilaiiiilitliliilttumulltu.

34 1910 189 1953 Mithridatem
204 1868 283 1964 peyrum
298 1920 404 1963 prospere
419 1910 534 1962 pugnauit.
555 1906 684 1958 Lucullum,
705 1919 732 1948 ue
747 1910 919 1958 persequeretur
932 1903 1018 1947 Mithri·

1 1971 2 1978 ’
36 1965 108 2006 datam
123 1977 149 2006 ac
164 1967 281 2017 Tigranem
296 1975 449 2015 summamque
464 1961 570 2002 victoriae
586 1962 721 2012 imponeret,
736 1960 818 2002 reditio
834 1959 927 2001 militum
942 1961 1015 2007 tenuit

1 2031 2 2054 ι
36 2020 86 2071 qula
100 2022 167 2072 sequi
181 2019 295 2068 uolebant,
311 2019 334 2058 ld
349 2020 395 2068 est,
412 2017 464 2068 quia
479 2017 580 2068 legiones
593 2014 722 2056 Valerianae
737 2014 828 2067 impleta
842 2027 854 2056 a
868 2025 894 2056 se
908 2012 1020 2066 stipendia

1 2094 2 2113 i
37 2073 134 2116 dicentes
150 2072 268 2114 Lucullum
283 2072 431 2124 reliquerunt.

1 2121 2 2142 ¹
86 2128 166 2170 xcix.
188 2127 217 2172 (l.
233 2127 340 2169 Metellus
355 2124 476 2179 proconsul
491 2123 595 2166 Gnosson
611 2127 633 2165 et
647 2125 740 2176 Lyctum
755 2126 778 2164 et
793 2122 913 2176 Cydoniam
928 2124 951 2162 et
965 2120 1021 2162 alias

38 2179 140 2233 plurimas
156 2183 223 2222 urbes
238 2181 385 2234 expugnarit.
401 2180 428 2222 L.
442 2179 539 2220 Roscius
553 2179 655 2219 tribunus
669 2179 743 2232 plebis
757 2178 829 2230 legem
844 2175 903 2226 tulit,
920 2181 945 2216 ut
959 2176 1021 2227 equi·

1 2247 2 2258 ¹
39 2236 95 2278 tibus
108 2235 218 2278 Romanis
233 2238 255 2277 in
271 2234 360 2278 theatro
375 2233 552 2287 quattuordecim
571 2233 654 2284 gradus
673 2233 767 2286 proximi
781 2231 960 2284 adsignarentar.
981 2230 1014 2272 Cn

1 2291 2 2301 ¹
40 2287 154 2342 Pompeius
173 2290 224 2341 lege
243 2289 271 2330 ad
293 2289 400 2343 populum
420 2287 466 2328 lata
485 2288 588 2338 persequi
605 2288 689 2340 piratas
704 2289 792 2337 iussus,
813 2287 851 2338 (lul
866 2285 1021 2326 commercium

1 2377 2 2392 2
40 2354 134 2384 annonae
154 2345 340 2394 intercluserunt,
364 2345 423 2385 lutra
444 2339 637 2393 quadragesimum
657 2342 714 2382 diem
734 2344 783 2381 toto
797 2342 851 2381 mari
866 2349 906 2381 eos
921 2339 1022 2390 expulit3

1 2399 2 2430 i
41 2398 140 2451 belloque
154 2411 205 2440 cum
219 2399 248 2439 iis
262 2401 285 2440 ln
301 2398 380 2441 cilicia
394 2396 504 2444 confecto,
519 2395 617 2447 acceptis
633 2398 655 2436 iu
671 2395 807 2436 deditionem
822 2392 902 2447 pirella
917 2403 982 2444 agros
998 2395 1021 2432 et

1 2455 2 2502 ξ
41 2454 101 2493 urbes
114 2453 186 2493 dedit.
202 2456 319 2505 praeterea
333 2463 369 2492 rea
384 2453 460 2504 gestas
475 2461 488 2488 a
503 2449 532 2492 Q,
548 2449 641 2489 Metello
656 2449 764 2490 adversus
779 2447 898 2489 Cretenses
913 2447 1020 2494 coritinet,

1 2521 2 2558 j
41 2507 181 2559 eteplstoIas
196 2506 284 2548 Metelli
299 2510 322 2547 et
342 2507 383 2549 cn.
398 2504 499 2555 Pompeii
518 2504 541 2543 in
563 2504 633 2544 ricem
648 2505 736 2544 missas.
757 2503 901 2554 queriturque
915 2499 1021 2540 Metellus

40 2560 125 2611 gloriam
140 2562 184 2603 sibi
200 2572 273 2603 rerum
288 2563 400 2613 gestarum
415 2569 428 2598 a
443 2557 550 2609 Pompelo
566 2557 674 2610 praeripi,
693 2557 731 2608 qui
746 2555 768 2595 ln
784 2557 871 2597 cretam
890 2554 976 2594 miserit
990 2551 1021 2591 le·

1 2629 2 2660 ;
40 2617 109 2666 gutum
126 2624 192 2656 suum
213 2615 242 2655 ad
261 2614 404 2667 accipiendas
423 2612 509 2652 urbium
525 2610 657 2652 deditionea.
681 2611 800 2662 Pompeius
819 2609 927 2649 rationem
947 2605 1022 2646 reddit

40 2667 76 2710 hoe
89 2681 114 2711 se
128 2668 203 2710 facere
219 2669 333 2712 debuisse.

1 2735 2 2738 ’
87 2724 112 2766 C.
133 2725 158 2766 C.
174 2723 281 2764 Manilius
295 2723 398 2763 tribunus
413 2722 485 2774 plebis
500 2732 578 2772 magna
593 2719 744 2772 indignatione
763 2715 887 2757 nobilitatis
902 2713 973 2765 legem
987 2715 1011 2753 m
1045 2723 1049 2729 ·

41 2775 72 2826 lit,
91 2781 115 2818 ot
135 2779 245 2830 Pompelo
265 2774 442 2817 Mithridaticum
461 2775 544 2815 bellum
566 2775 716 2816 mandaretur.
742 2773 814 2812 contio
835 2769 883 2810 eius
901 2769 968 2812 hona.
992 2765 1020 2810 Q.

1 2845 2 2850 ¹
41 2830 140 2872 Metellus
159 2831 293 2884 perdomitis
314 2830 460 2872 Cretensibus
480 2829 565 2870 liberae
583 2831 606 2869 in
626 2827 649 2869 ld
668 2830 756 2879 tempus
770 2825 857 2866 insulae
872 2823 934 2875 leges
949 2820 1020 2862 dedit.

1 2927 2 2932 ,
41 2885 206 2938 cmPompeius
219 2885 249 2925 ad
265 2884 385 2938 gerendum
401 2883 484 2925 bellum
499 2883 607 2924 adversus
614 2880 766 2923 Mithridatem
781 2879 894 2933 profectus
906 2888 955 2918 cum
968 2886 1021 2927 rege

40 2937 165 2980 Parthorum
182 2939 279 2980 Phraate
298 2939 416 2979 amicitiam
431 2938 560 2986 renovavit,
575 2936 674 2990 equestri
689 2935 776 2988 proelio
793 2931 944 2976 Mithridatem
960 2931 1022 2972 vicit.

41 2995 148 3042 praeterea
163 2993 247 3034 bellum
263 2993 321 3033 inter
335 2991 452 3032 Phraatem
468 2991 598 3032 Parthorum
613 3002 687 3044 regem
702 2993 725 3031 et
734 2989 849 3042 Tigranem
861 2988 1021 3034 Armeniorum,

1 3085 2 3094 ,
40 3055 63 3086 ac
75 3045 153 3089 deinde
169 3049 227 3088 inter
241 3046 443 3099 Tigranem.lilium
459 3048 590 3097 patremque
605 3048 703 3098 gestum,
720 3045 826 3087 continet.

1 3097 2 3110 ¹
88 3103 122 3144 cl.
139 3103 181 3145 Cn.
194 3102 317 3153 Pompeius
332 3099 484 3142 Mithridatem
499 3102 608 3140 nocturno
623 3099 709 3151 proelio
724 3099 806 3139 victum
821 3096 893 3148 coegit
904 3095 1020 3146 Bosporon

1 3147 2 3194 l
41 3154 159 3207 profugere.
181 3157 298 3210 Tigranem
314 3157 336 3196 in
357 3154 493 3196 deditionem
507 3155 605 3206 accepit,
626 3154 691 3206 eique
706 3152 816 3205 ademptis
831 3151 896 3203 Syria
910 3148 1021 3189 Phoenice

1 3209 2 3240 i
41 3206 110 3250 Cilicia
124 3221 217 3262 regnum
233 3211 351 3258 Arnieniaa
366 3209 475 3251 restituit.
498 3208 620 3248 coniuratio
636 3218 711 3248 eorum
727 3209 801 3258 quiin
819 3205 1018 3259 petitioneconsu·

42 3259 94 3303 latus
107 3265 205 3306 ambitus
221 3264 319 3305 damnati
335 3267 405 3313 erant,
421 3263 479 3303 iacta
494 3261 521 3302 de
536 3261 694 3303 interficiendis
709 3261 845 3308 consulibus,
861 3258 1020 3310 oppresserat·

42 3313 76 3358 Cn.
90 3317 209 3371 Pompeius
224 3330 274 3358 cum
289 3317 443 3359 Mithridatem
459 3318 638 3368 persequeretur,
653 3319 676 3357 iu
691 3316 781 3356 ultimas
796 3315 927 3366 ignotasque
941 3311 1019 3361 gentes

1 3416 2 3422 χ
42 3373 169 3422 penetrarit;
191 3373 271 3413 iberos
290 3372 448 3423 Albanosque,
471 3371 508 3420 qui
528 3371 645 3411 transitum
665 3381 708 3410 non
729 3370 823 3417 dabant,
849 3365 934 3423 proelio
955 3364 1018 3404 uicit.

1 3431 2 3438 ¹
41 3427 146 3471 praeterea
162 3425 236 3479 fugam
252 3425 391 3468 Mithridatia
406 3435 446 3478 per
461 3421 558 3464 Colchos
571 3423 754 3476 Heniochosque,
770 3426 792 3464 ct
806 3429 843 3462 res
857 3421 884 3460 ab
899 3429 926 3460 co
941 3417 962 3458 in
977 3416 1015 3456 Bo-

1 3483 2 3486 ’
41 3484 99 3528 sporo
115 3483 190 3530 gestas
205 3481 314 3522 continet.

636 731 680 773 que
695 718 777 762 bellurn
788 721 819 762 M.
829 719 909 762 Crasso
924 721 1023 775 praetori
