2328 3870
211 144 327 206 LtBER
340 144 401 206 XL.
424 145 508 205 cni).
522 153 566 208 38.
577 153 621 209 39.
632 153 676 208 40.
699 153 736 221 [a.
749 153 781 208 C.
794 155 855 223 180]
977 148 1019 215 87

1 294 2 376 J
46 297 110 370 dati,
125 313 259 372 quorum
273 312 312 355 ex
328 294 457 358 consilio
473 303 607 371 agerent
637 305 791 360 transacta
805 313 839 360 re
855 315 921 360 curn
938 309 1020 364 rete·

49 396 102 440 ren
117 381 286 441 exercitum
299 381 427 440 Romam
443 379 654 455 deduxissent,
669 380 841 456 triumphus
856 383 896 442 ab
911 393 1021 448 senatu

1 533 2 538 ἵ
47 471 88 524 est
104 464 260 525 decretus.
285 463 317 523 hi
339 463 472 544 omnipm
493 463 581 538 primi
601 466 685 525 nullo
705 465 787 526 bello
811 474 898 541 gesto
918 467 1020 528 uium-

46 547 177 622 plrarunt.
201 553 318 608 tantum
333 545 438 607 hostes
454 546 536 608 ducti
551 556 623 608 ante
638 565 769 623 currum,
785 551 857 624 quia
868 566 926 611 nec
936 552 1020 625 quod

1 678 2 682 ,
45 633 167 691 tenatur
186 646 290 706 neque
312 631 397 706 quod
416 631 579 691 duceretur
592 640 714 706 captum
729 649 831 709 neque
847 634 931 708 quod
946 633 1020 694 mili·

1 735 2 740 ¹
45 713 117 774 tibus
132 715 267 788 daretur,
283 714 446 790 quicquam
459 714 489 773 in
503 713 663 790 triumphis
677 731 781 778 eorum
797 718 904 778 iuerat.

117 797 254 860 XXXIX„
281 797 397 858 Eodem
421 814 501 859 anno
522 797 552 858 in
574 797 724 874 Hispania
742 799 868 862 Fulvius
888 799 1020 864 Flaccus

42 881 215 956 proconsul,
231 881 304 957 quia
318 895 483 942 successor
493 881 524 941 in
539 881 728 957 provinciam
738 883 855 945 tardius
866 883 1019 959 veniebat,

39 965 149 1026 educto
164 965 302 1025 exercitu
317 980 356 1024 ex
373 964 507 1025 bibentis
520 964 694 1026 ulteriorem
709 966 887 1029 Celtiberiae
902 984 1018 1044 agrum,

39 1049 115 1110 unde
130 1048 172 1108 ad
188 1047 374 1110 deditionem
389 1065 449 1109 nou
464 1056 620 1122 venerant
633 1049 741 1111 institit
753 1058 885 1112 vastme
908 1067 1019 1126 quare

40 1131 164 1193 irritavit
187 1131 285 1206 magis
310 1148 401 1207 quam
426 1132 594 1193 conterruit
612 1133 732 1194 animos
753 1134 966 1204 babarorum
989 1144 1020 1196 et

41 1217 112 1276 clam
125 1214 313 1291 comparatis
325 1215 423 1290 copiis
435 1217 544 1278 saltum
551 1216 746 1288 Manlianum,
755 1232 810 1291 per
818 1232 909 1292 quem
920 1223 1017 1278 trans·

39 1298 147 1360 iturum
166 1299 336 1360 exercitam
354 1300 525 1360 Romanum
546 1298 622 1360 satis
642 1300 795 1374 sciebant,
820 1299 1018 1362 obsederunt

40 1382 260 1458 nffisponiam
281 1383 456 1444 ulteriorem
475 1383 556 1444 cunti
576 1383 610 1442 1..
624 1382 781 1446 Postmnia
796 1381 909 1447 Albino
925 1385 1017 1446 colle·

40 1467 259 1540 gaeGracebus
270 1468 476 1540 mandauerat,
487 1465 711 1540 th.Fulvium
721 1468 881 1532 certiorem
892 1469 1016 1540 iaceret,

39 1551 240 1611 Tarraconem
261 1549 429 1612 exereitum
450 1551 632 1612 adduceret:
654 1552 696 1612 ibi
715 1549 823 1614 dimitti
843 1560 1037 1626 veteranos„

39 1637 314 1710 supplementaque
327 1631 508 1710 discibuere
523 1641 553 1694 et
564 1635 707 1696 ordinare
717 1651 840 1698 cmm
850 1635 1017 1696 exercitum

39 1733 108 1778 sese
117 1717 208 1778 velle.
231 1717 299 1780 dies
311 1733 446 1794 quoque,
460 1724 490 1778 et
500 1732 538 1776 ea
548 1717 731 1793 propinqua,
746 1718 828 1778 edita
837 1717 947 1778 Flacco
960 1723 1016 1791 est,

39 1817 97 1876 qua
110 1815 279 1863 successor
288 1808 373 1862 esset
383 1808 539 1862 venturus.
558 1799 634 1862 baec
647 1816 729 1860 noua
739 1801 910 1874 adlatares,
926 1801 1017 1860 omis-

39 1883 81 1944 sis
95 1901 175 1961 quae
195 1899 288 1960 agere
307 1885 491 1956 instituerat,
513 1883 781 1958 Flaccumraptim
795 1883 949 1942 deducere
963 1897 1016 1942 ex·

39 1968 160 2032 ercitum
171 1983 211 2028 ex
223 1969 465 2029 Celtiberiacum
476 1967 639 2042 coegisset,
651 1963 773 2028 barbari
785 1964 1017 2040 causaeignari,

44 2065 123 2112 mam
144 2052 348 2114 deiectionem
368 2060 399 2113 et
413 2052 491 2111 clam
506 2057 683 2126 comparata
695 2065 780 2112 urna
794 2045 933 2112 sensisse
947 2065 1016 2109 eum

39 2143 68 2195 ct
84 2135 281 2210 pertimuisse
300 2137 373 2209 rati,
402 2150 440 2195 eo
462 2133 595 2195 ferocius
616 2137 727 2196 saltum
746 2133 935 2196 insederunt
964 2133 1015 2193 ubi

41 2233 105 2279 eum
119 2222 229 2280 saltum
244 2219 342 2295 prima
356 2221 424 2279 luce
439 2233 547 2292 agmen
561 2219 732 2280 Romanum
745 2216 876 2290 intravit,
890 2224 1017 2293 repente

41 2317 78 2361 ex
92 2304 210 2364 duabus
229 2302 366 2379 partibus
386 2303 475 2362 sinui
490 2303 587 2362 exorti
601 2303 707 2363 hostes
721 2303 879 2364 Romanos
894 2301 1015 2362 invase·

43 2395 112 2448 mot
139 2387 225 2462 quod
240 2385 539 2459 emerentianus,
560 2387 675 2462 primos
689 2387 835 2448 tumultus
850 2382 881 2444 in
896 2383 1017 2460 agmine

44 2485 93 2544 per
106 2470 302 2532 centuriones
317 2477 399 2531 stare
413 2485 535 2545 omnes,
550 2487 608 2531 suo
625 2485 780 2546 quemque
793 2468 873 2542 loco,
889 2475 919 2528 et
932 2482 1017 2526 arma

41 2555 182 2630 expedire
193 2554 329 2615 iubendo
341 2553 468 2628 sedavit,
484 2561 515 2615 et
524 2553 654 2614 sarcinis
664 2553 870 2626 iumentisque
881 2549 911 2608 in
922 2565 1016 2610 unum

43 2637 134 2700 locum
154 2639 271 2700 coactis
287 2638 394 2713 copias
410 2653 518 2698 omnes
533 2637 641 2712 partim
656 2635 724 2711 ipse
738 2633 848 2710 partim
863 2647 919 2707 per
934 2633 1016 2706 lega-

42 2729 85 2782 tos
97 2723 302 2798 tribunosque
318 2722 458 2794 militum,
479 2729 511 2782 ut
524 2729 660 2796 ternpus,
683 2726 716 2779 ut
730 2719 817 2779 locus
833 2714 1015 2791 postulabat,

41 2805 101 2866 sina
113 2807 177 2867 ulla
190 2804 394 2881 trepidatione
413 2805 570 2878 instruxit,
592 2819 660 2865 cum
674 2801 724 2864 bis
738 2799 850 2864 deditis
866 2815 930 2862 rem
944 2815 1016 2862 esse

39 2889 215 2962 admonens,
231 2890 334 2950 scelus
348 2897 380 2951 et
393 2889 553 2965 perfidiam
566 2887 635 2963 illis,
649 2902 712 2948 non
726 2887 866 2948 virtutem
881 2901 938 2946 nec
952 2887 1015 2946 ani·

43 2988 116 3033 num
129 2975 322 3048 accessisse,
336 2975 467 3033 reditum
481 2971 647 3048 ignobilem
661 2972 691 3032 in
707 2967 835 3048 patriam
850 2971 964 3032 clarum
979 2985 1017 3030 ac

43 3056 264 3119 memorabilem
286 3073 340 3122 eos
356 3055 415 3118 sibi
428 3057 556 3118 lecissea
578 3063 721 3118 cruentos
735 3070 776 3116 ex
789 3053 904 3116 recenti
919 3054 1016 3114 caede

43 3137 167 3202 lonium
188 3140 312 3216 gladios
331 3149 361 3202 et
380 3141 533 3202 manantia
555 3141 705 3217 sanguine
719 3137 819 3214 spolia
832 3140 961 3200 Romam
976 3137 1016 3198 ad

43 3223 220 3302 triumphum
242 3225 407 3286 delaturos.
443 3225 532 3300 plura
545 3224 605 3285 dici
618 3232 739 3299 tempus
753 3238 815 3284 non
830 3220 1015 3298 patiebamn

44 3304 219 3370 invehebant
233 3325 268 3370 se
283 3309 405 3380 hostes,
427 3317 457 3369 et
469 3307 500 3367 in
515 3308 652 3384 partibus
666 3307 810 3368 extremis
825 3305 884 3366 iam
900 3319 1015 3378 pugna-

44 3386 133 3452 batur.
150 3392 267 3453 Deinde
279 3393 361 3453 acies
374 3400 603 3453 concurrerunt.
624 3391 685 3451 XL.
701 3396 789 3451 atrox
800 3387 915 3461 ubique
926 3397 1014 3460 prae
