2368 3858
152 225 214 292 274
334 227 555 289 praetextu.
577 229 660 289 cnr.
675 237 719 291 aa.
742 235 778 303 [a.
794 236 830 289 n.
846 253 870 289 ο.
886 221 948 304 sel]

157 387 261 442 vestm
275 397 357 441 nunc
372 387 420 441 est
434 379 556 440 loitunu
567 380 658 440 deum
669 379 855 455 benignitate
864 378 1011 442 amunte
1021 387 1123 455 vestra,

158 481 196 525 ea
208 464 314 525 Persei
329 462 454 538 luisset,
481 470 511 524 et
524 463 659 539 proemia
677 464 804 539 petitum
819 464 859 524 ad
875 464 1019 526 victorem
1031 479 1124 540 regem

158 547 351 610 venissemus
382 549 412 608 in
438 545 665 621 Macedoniam,
697 546 772 622 quid
797 547 919 609 undem
943 547 1126 609 diceremus?

158 631 330 709 pecuniane
350 647 370 692 a
389 630 479 692 nobis
500 629 637 692 adiutum
654 645 693 689 an
715 632 887 692 frumento?
907 631 1028 693 auxiliis
1042 638 1122 694 tene

159 715 273 777 stribus
302 731 341 776 on
368 713 550 775 navalibus?
583 714 667 790 quod
687 715 875 788 praesidium
900 715 1037 776 tenuisse
1056 721 1128 776 nost

160 799 212 861 ubl
232 813 390 875 pugnasse
409 805 464 858 aut
482 798 539 858 sub
560 796 641 859 iliius
662 797 794 859 ducibus
814 804 867 859 aut
885 815 943 875 per
956 814 1016 860 nos
1030 799 1128 874 ipsost

159 883 187 943 si
202 888 377 958 quaereret,
399 881 452 942 ubi
466 882 553 943 miles
569 888 688 956 noster,
708 881 761 942 ubi
781 882 869 942 navis
890 882 969 943 intra
983 883 1128 958 praesidia

162 966 357 1040 emmisset,
380 965 455 1040 quid
468 966 748 1041 responderemus?
769 981 893 1026 oausam
908 969 1044 1028 tortasse
1057 967 1128 1026 dice·

142 1069 147 1078 ·
160 1063 264 1111 remus
275 1049 358 1126 apud
371 1049 526 1124 victorem,
541 1049 820 1128 quemadmodum
832 1050 914 1126 epod
926 1066 986 1111 vos
998 1049 1128 1110 dicimus.

160 1135 221 1196 hoc
236 1133 315 1194 enim
330 1135 448 1209 legatos
463 1140 594 1209 utroque
609 1135 648 1194 de
663 1148 742 1208 pace
754 1132 900 1198 mittendo
916 1132 1078 1200 consecuti
1086 1149 1129 1194 su·

161 1235 245 1292 mus,
266 1224 300 1279 ut
313 1233 353 1278 ne
367 1218 406 1277 ab
421 1223 551 1293 utraque
566 1224 653 1292 parte
666 1217 794 1291 gratiam
808 1217 971 1292 iniremus,
991 1218 1033 1278 ab
1046 1217 1132 1278 altera

160 1300 250 1363 etiam
265 1299 379 1362 crimen
394 1309 425 1362 el
434 1301 603 1376 perloulum
619 1307 711 1362 esset.
728 1315 913 1377 quamquam
923 1301 1059 1363 Perseus
1068 1315 1131 1360 rere

161 1385 303 1458 obiceret
318 1385 350 1445 id
366 1385 450 1460 quod
464 1401 521 1446 voe
536 1400 598 1446 non
616 1385 752 1460 potestis,
768 1392 872 1460 patres
887 1385 1068 1462 marscnpti,
1081 1399 1132 1444 nos

160 1467 310 1544 principio
330 1467 402 1529 belli
423 1469 545 1530 misisse
561 1471 599 1529 ad
616 1483 671 1530 vos
693 1469 826 1544 legatos,
849 1468 901 1544 qui
923 1469 1133 1545 pollicerentur

160 1551 258 1625 vobis,
276 1565 356 1628 quae
371 1552 411 1612 ad
425 1552 537 1612 bellum
551 1569 631 1628 opus
646 1560 760 1625 essent,
782 1550 944 1614 navalibus
960 1553 1071 1628 copiis,
1085 1568 1134 1635 'ar-A

159 1635 233 1712 mis,
256 1635 413 1697 iuventute
430 1642 551 1710 nostra,
576 1635 656 1696 sicut
675 1635 832 1711 prioribus
850 1635 957 1712 bellis,
981 1633 1134 1709 adomnia
1173 1638 1174 1641 ’

160 1727 284 1796 paratos
300 1721 375 1782 iore.
395 1734 434 1779 ne
448 1725 684 1796 praestaremus,
702 1734 758 1795 per
771 1735 829 1780 vos
840 1721 930 1795 stetit
947 1720 1000 1796 qui
1013 1721 1055 1781 de
1067 1735 1133 1796 quae

160 1819 292 1881 cumque
312 1810 489 1865 causatum
511 1805 665 1880 aspernati
681 1801 916 1866 nostruamrilia
929 1803 1017 1865 estis.
1040 1817 1135 1880 neque
1173 1808 1174 1811 ’

159 1887 288 1950 lecimus
299 1887 390 1964 igitur
400 1887 565 1964 quicquam
577 1894 731 1964 tamquam
741 1886 859 1961 nostes,
873 1903 975 1964 neque
987 1886 1134 1950 bonorum

162 1972 316 2033 sociorum
332 1971 484 2034 deluimus
496 1971 608 2045 olflcio,
625 1971 681 2032 sed
695 1969 815 2031 avobis
827 1971 971 2046 prohibiti
982 1977 1135 2047 praestare

160 2070 221 2115 non
229 2055 394 2131 potuimus.
406 2099 425 2129 ‚,
434 2054 529 2130 „quid
540 2053 651 2128 igitur?
665 2053 778 2114 nihilne
791 2055 902 2116 iactum
913 2070 1016 2131 neque
1027 2055 1136 2116 diam

160 2145 208 2198 est
220 2137 251 2197 in
267 2137 388 2198 civitate
409 2144 527 2211 vestra,
548 2137 675 2213 Rhodii,
696 2137 781 2214 quod
796 2138 932 2212 nolletis,
954 2155 1019 2214 quo
1032 2138 1136 2200 merito

155 2216 368 2280 'offenderetur
381 2221 516 2295 populus
529 2220 734 2282 armanore<
743 2225 761 2256 “
782 2221 831 2282 hic
846 2221 905 2282 iam
918 2238 980 2283 nou
995 2223 1086 2298 quod
1098 2223 1137 2282 la·

161 2309 242 2364 ctum
256 2309 303 2363 est
317 2303 501 2367 defensurus
516 2320 585 2365 suan
598 2321 709 2366 -non
725 2305 803 2366 adeo
818 2305 937 2367 insanio
950 2337 999 2382 ψ,
1013 2308 1075 2368 sed
1087 2323 1137 2382 pu·

159 2385 268 2447 blicam
289 2403 414 2456 oausam
439 2405 459 2449 a
478 2385 665 2464 privatorum
686 2389 778 2464 eulpa
798 2397 1027 2465 segregaturus.
1060 2391 1138 2451 nulle

159 2470 239 2532 enim
254 2477 303 2532 est
316 2471 434 2548 civitas,
450 2489 529 2549 quae
543 2487 606 2534 non
618 2479 648 2532 et
659 2471 817 2547 improbos
829 2473 914 2534 cives
926 2479 958 2534 et
966 2471 1138 2549 imperitam

159 2553 379 2617 multitudinem
399 2569 523 2633 semper
544 2556 664 2618 habeat.
689 2555 779 2616 etiam
801 2557 884 2632 apud
899 2573 958 2618 vos
972 2557 1075 2619 luisse
1089 2573 1138 2616 su·

104 2675 107 2678 -
159 2637 222 2700 divi
235 2637 287 2714 qui
298 2640 489 2702 adsentando
500 2639 683 2702 multitudini
693 2648 915 2715 grassarentur,
927 2641 1139 2702 etsecessisse

158 2722 325 2799 aliquando
341 2740 360 2783 a
374 2725 462 2786 vobis
477 2725 598 2801 plebem
613 2739 671 2784 nec
685 2724 715 2784 in
728 2730 880 2800 potestate
892 2731 996 2786 vestra
1006 2741 1074 2786 rem
1085 2741 1137 2800 pu-

160 2805 270 2867 blicam
286 2807 392 2868 luisse.
418 2808 444 2868 si
459 2807 518 2868 hoo
532 2808 563 2867 in
578 2806 636 2867 hac
651 2814 712 2868 tam
726 2807 806 2868 bene
820 2814 937 2868 morata
952 2809 1077 2871 civitate
1091 2823 1138 2867 ae

159 2889 262 2950 cidere
276 2891 383 2964 potuit,
399 2891 500 2951 mirari
514 2888 677 2966 quisquam
691 2899 793 2966 potest
807 2885 928 2968 ahquos
944 2891 1045 2952 luisse
1056 2889 1139 2968 apud

159 2989 226 3046 nos,
249 2973 301 3048 qui
316 2973 398 3047 regis
416 2974 577 3034 amicitiam
592 2980 731 3050 petentes
746 2975 864 3052 plebem
881 2983 1020 3037 nostram
1038 2972 1138 3036 consi-

158 3053 207 3116 iile
228 3056 453 3132 depravarent?
481 3057 532 3133 qui
554 3061 653 3119 tamen
669 3058 742 3119 nihil
757 3059 836 3120 ultra
849 3060 1025 3135 valuerunt,
1047 3073 1139 3135 quam

158 3147 191 3202 ut
211 3138 240 3200 in
264 3139 367 3200 oiiicio
383 3156 586 3202 cessaremus.
610 3158 670 3202 non
685 3141 858 3218 praeteribo
873 3143 906 3203 id
921 3143 1007 3218 quod
1020 3140 1138 3218 gravis-

159 3223 269 3284 simum
290 3231 338 3286 est
357 3224 388 3284 in
409 3224 470 3286 hoe
484 3226 564 3287 bello
581 3226 696 3286 crimen
711 3223 841 3288 civitatis
855 3234 995 3288 nostrae:
1017 3227 1139 3301 legatos

160 3309 269 3368 eodem
283 3315 421 3383 tempore
436 3317 466 3370 et
479 3309 520 3370 ad
534 3327 591 3371 vos
607 3309 690 3370 etad
704 3309 819 3371 Persea
833 3310 872 3370 de
887 3326 966 3385 paee
979 3309 1138 3377 misimus;

159 3393 242 3465 quod
258 3391 362 3451 infelix
373 3393 533 3454 consilium
546 3392 690 3468 furiosus,
705 3399 739 3454 ut
750 3402 858 3468 postea
868 3393 1051 3468 audivimus
1066 3404 1136 3452 ora·

159 3485 206 3531 tor
221 3475 429 3536 stultissimum
445 3477 524 3550 lecit,
541 3491 632 3552 quem
644 3476 689 3536 sic
704 3477 838 3540 locutum
850 3483 1137 3552 constattamquam
