2328 3870
196 133 305 198 llBlllt
317 137 377 198 ιιι.
398 137 649 200 capuanum.
673 145 828 213 [nuceo]
861 182 866 192 -
944 141 987 206 89

51 289 179 368 processit,
193 293 418 366 gratulatusque
433 297 493 362 cst,
518 291 603 365 quod
617 305 682 351 rem
697 292 850 367 publicam
866 294 990 370 egregie

50 371 174 450 gessisset
196 386 263 432 cunt
275 387 393 435 summa
407 374 583 446 concordia,
604 389 683 450 quos
699 374 882 436 dimitterent
896 394 989 452 quos·

49 474 91 532 que
105 456 256 516 retinerent
275 457 397 529 milites,
423 466 673 532 composuerunt
703 458 775 518 inde
789 457 915 521 uulnus
936 477 990 522 ex-

46 539 177 601 auctoratis
197 536 338 600 militibus
358 540 388 599 in
403 556 499 600 naves
515 540 666 616 impositis
680 541 810 603 Romam
824 551 873 604 est
887 545 998 618 prole·

45 631 100 698 ctus,
113 621 303 698 Sempronius
315 623 345 682 in
361 622 552 683 celtiberiam
566 624 705 699 legiones
721 625 817 686 duxit.

104 705 168 766 XLI.
190 705 336 766 consules
351 707 442 768 ambo
454 707 484 766 in
496 706 624 783 Ligures
636 707 790 770 exercitus
803 707 990 771 induxerunt

44 788 143 849 divemis
163 787 310 864 pertibus.
337 789 508 851 Postumius
529 792 627 866 prima
648 799 679 852 et
691 793 780 852 tertia
793 793 916 868 legione
929 793 988 854 Bu-

42 870 392 947 listaanuismontiumque
402 881 522 935 montes
535 872 664 949 obsedit,
676 883 708 936 et
717 877 886 951 premendo
899 892 988 953 prae·

43 955 106 1015 siliis
123 962 265 1032 angustos
280 954 379 1016 soltus
391 972 496 1018 eorum
514 965 702 1019 commeatus
717 959 900 1044 interclusit
920 959 986 1022 ino·

41 1039 126 1114 piaque
146 1040 278 1100 omnium
297 1053 400 1098 rerum
416 1056 474 1102 eos
495 1042 676 1117 perdomuit
703 1029 828 1103 Fulvius
849 1043 985 1104 secunda

12 1147 13 1152 ι
42 1127 62 1180 ιι
77 1129 167 1219 quarta
185 1123 309 1200 legione
329 1122 452 1185 adortus
466 1141 486 1184 a
498 1124 578 1184 Pisis
597 1127 748 1199 Apuanos
768 1126 912 1200 Ligures,
935 1125 988 1200 qui

41 1218 119 1266 corum
136 1206 213 1267 circa
232 1206 369 1267 Macram
389 1204 513 1269 lunum
533 1207 756 1281 incolebant,
748 1224 779 1267 ru
801 1207 988 1269 deditionem

40 1295 169 1364 acceptos,
189 1291 227 1350 ad
250 1295 370 1365 septem
385 1288 469 1348 milia
478 1289 649 1367 hominum,
670 1289 701 1350 in
713 1306 810 1352 naves
824 1290 987 1368 impositus

41 1378 132 1443 paster
145 1388 228 1434 oram
241 1373 364 1434 Etrusci
382 1369 476 1432 maris
487 1374 645 1451 Neapolim
659 1373 836 1436 transmisit.
868 1375 941 1437 inde
955 1375 986 1438 in

41 1449 162 1516 Saunium
174 1458 321 1531 traducti,
343 1471 479 1532 agerque
492 1455 536 1519 iris
549 1459 627 1520 inter
640 1460 807 1536 populares
822 1459 913 1521 datus
928 1467 985 1520 est

42 1543 218 1602 nonunorum
231 1539 379 1616 Ligurum
399 1540 440 1600 ab
453 1540 491 1599 Α.
505 1539 657 1604 Postumio
675 1542 783 1605 vineae
798 1557 909 1604 caesae
924 1544 986 1604 ιιιι-

12 1699 13 1706 ,
41 1627 170 1700 ncntaque
183 1625 310 1698 deusta,
333 1625 433 1685 donec
447 1622 582 1685 cladibus
598 1624 740 1688 omnibus
755 1627 827 1687 belli
842 1626 940 1688 coacti
954 1626 987 1688 iu

42 1699 193 1768 deditionem
213 1715 365 1770 venerunt
385 1721 532 1781 murraque
546 1707 740 1770 tradiderunt
769 1709 899 1770 navibus
913 1709 987 1769 inde

41 1781 179 1852 Postumius
200 1793 241 1853 ad
257 1791 417 1851 visendam
433 1804 518 1851 oram
532 1789 734 1863 Ingaunorum
746 1792 985 1853 Intemeliorum-

42 1884 83 1942 ue
93 1871 224 1948 Ligurum
249 1873 410 1970 processit
439 1873 618 1949 priusquam
636 1873 665 1936 bi
686 1876 831 1938 consules
848 1873 989 1934 venirent

42 1951 68 2010 ad
78 1959 236 2034 exercitum,
256 1976 306 2034 qur
299 1958 407 2018 Pisas
421 1956 554 2018 indictus
569 1963 642 2030 erat,
657 1964 817 2030 praeerant
828 1959 866 2018 Α.
880 1957 986 2017 Postu·

41 2033 96 2097 nius
109 2048 134 2100 ct
147 2043 238 2104 imter
255 2042 287 2116 Q
303 2041 400 2102 Fulvii
414 2041 455 2100 M
470 2039 594 2102 Fulvius
609 2037 751 2104 Nobilior.
772 2041 930 2104 secundae
944 2041 985 2100 le·
1052 2057 1056 2066 ·

42 2117 114 2189 aona
130 2123 253 2186 Fulvius
279 2124 418 2185 tribunus
438 2122 562 2184 militum
588 2131 662 2185 erat
695 2123 722 2184 is
741 2125 899 2188 mensibus
919 2123 986 2186 suis

42 2199 125 2266 tinuit
135 2208 296 2284 legionem,
310 2206 506 2268 iureiurando
520 2207 637 2268 adactis
648 2209 873 2272 centurionibus
885 2225 940 2271 aes
955 2210 985 2268 in

42 2288 157 2350 cernuum
176 2294 215 2354 ad
239 2298 420 2367 quaestores
441 2305 512 2352 esse
529 2293 695 2352 delaturos
723 2289 781 2354 hoc
793 2292 846 2354 ubi
859 2292 985 2354 Placen·

41 2362 985 2451 itu-nameororteeratproteetus-nulonuntiatumesr,

42 2461 89 2510 tum
108 2459 254 2532 equitibus
277 2458 429 2534 expeditis
450 2466 575 2520 secutus
595 2457 756 2532 crmssos,
782 2475 859 2532 quos
880 2474 987 2519 eorum

42 2537 113 2603 latuit
128 2542 269 2620 adsequi,
290 2542 418 2603 deduxit
432 2542 598 2617 castigatos
611 2540 716 2609 Pisas,
738 2541 778 2599 de
791 2542 900 2600 ceteris
914 2555 987 2600 con-

42 2617 113 2682 ulem
133 2627 290 2689 certiorem
317 2625 397 2686 lecit
429 2641 468 2686 eo
487 2626 639 2686 referente
663 2629 788 2683 senatus
809 2620 920 2683 iactum
940 2628 988 2682 est

43 2705 474 2787 consummationeque
466 2726 496 2769 m
511 2707 690 2783 Hispaniam
711 2707 897 2779 relegaretur
908 2708 987 2767 ultra

42 2795 123 2848 noram
137 2791 362 2868 carthaginem,
385 2792 577 2867 litteraeque
586 2790 615 2851 ei
636 2791 726 2850 datae
741 2795 814 2850 sunt
826 2803 846 2849 a
860 2791 986 2852 consule

42 2865 101 2927 ιιι)
114 2873 274 2938 ilanlium
266 2895 297 2937 m
311 2877 490 2952 Hispaniam
504 2875 679 2936 ulteriorem
693 2873 892 2936 deserendam
911 2874 985 2934 mili-

43 2952 96 3008 ies
90 2957 155 3019 russi
173 2962 213 3022 ad
234 2961 323 3038 signa
336 2959 447 3021 redire.
477 2975 572 3021 causa
586 2956 768 3034 ignominiae
781 2957 825 3018 uti
839 2964 987 3019 semestre

43 3031 221 3108 impendium
212 3062 242 3105 ιιι
258 3060 327 3106 eum
348 3059 461 3105 annum
476 3049 560 3104 esset
574 3043 602 3102 ei
616 3039 729 3139 legioni
742 3040 912 3102 decretum=
935 3041 987 3137 qui

43 3115 105 3180 niles
118 3125 151 3185 ad
165 3129 329 3191 exercitum
344 3144 406 3189 non
417 3127 558 3201 redisset,
574 3143 643 3186 eum
653 3125 753 3201 ipsum
764 3123 945 3202 bonaque
920 3141 986 3186 erus

43 3202 145 3268 tendere
158 3213 287 3274 consul
278 3227 395 3273 cussus.

102 3287 180 3354 XLII.
199 3295 316 3356 Eodem
336 3310 416 3355 anno
437 3295 471 3354 L.
492 3290 661 3365 Duronius,
689 3291 741 3366 qui
762 3297 886 3368 praetor
905 3304 985 3348 anno

45 3375 170 3441 ucenae
186 3394 224 3439 ex
237 3378 361 3458 Illyrico
379 3393 449 3439 cum
464 3378 570 3438 decern
585 3375 713 3436 navibus
728 3372 922 3434 Brundisium
937 3382 987 3428 re⁴
1023 3430 1026 3437 ,
