2368 3858
156 189 219 252 292
342 189 458 249 LIBER
473 189 563 247 XLV.
587 189 670 248 chr.
685 197 729 250 39.
752 195 789 262 [a.
804 195 837 247 U.
849 213 874 246 c·
886 196 948 261 585]

160 340 374 416 triumphatum
396 355 495 413 nuper
516 339 555 398 de
571 337 711 413 Philippo
728 347 814 413 patre
829 337 922 398 huius
937 338 1020 398 etde
1035 338 1126 398 datio

158 425 215 484 cho
237 431 314 484 esl.“
343 423 474 482 XXXIX.
498 422 613 496 „ambo
629 423 813 496 regnabant,
839 437 909 481 cunt
930 422 969 481 de
984 421 1022 481 iis
1037 421 1126 482 trium·

158 508 281 583 phatunr
293 514 348 566 est.
363 508 402 566 de
408 506 522 566 Perseo
535 512 636 580 capto,
649 506 680 564 in
693 505 800 566 urbem
812 521 882 564 curn
894 505 999 584 liberis
1007 505 1127 565 abducto

157 607 217 650 non
239 589 492 664 triumphabiturt
517 589 631 663 quodsi
651 590 681 648 in
706 605 798 649 curru
819 589 1006 648 scandentes
1022 589 1129 663 Capito·

156 675 237 747 lium,
260 680 385 734 auratos
402 678 659 747 purpureusque,
675 689 715 732 ex
729 673 875 732 inferiore
890 673 960 732 loco
977 673 1010 734 L.
1026 673 1129 731 Paulus

157 758 185 816 in
206 757 294 818 turba
315 764 486 831 togatorum
500 772 580 815 unus
597 757 734 830 privatus
749 755 916 830 interroget
936 756 1018 830 „,‚L.
1039 755 1126 826 Anici,

157 842 207 900 Cn.
218 841 332 913 Octavi,
345 847 444 901 utrum
452 856 508 900 vos
516 838 673 914 digniores
680 839 833 914 triumpho
845 854 918 898 esse
929 855 1026 907 anme
1034 854 1128 898 cense-

157 925 240 984 1111ιι
250 927 267 956 “
288 939 411 983 currum
428 923 586 982 eicessuri
599 930 714 998 elprae
727 922 1130 998 pudorevidenturinsignia

156 1007 217 1082 ipsi
238 1024 296 1068 sua
317 1008 464 1067 tradituri.
488 1013 519 1066 et
538 1023 596 1067 vos
619 1007 760 1067 Gentium
781 1022 874 1081 quam
893 1006 1011 1066 Persea
1026 1005 1094 1066 duci
1106 1006 1130 1064 11

156 1089 308 1167 triumpho
324 1091 475 1164 mavultis,
496 1090 638 1164 Quirites,
654 1098 684 1152 et
699 1091 738 1149 de
753 1090 936 1150 accessione
953 1091 1058 1165 polius
1071 1089 1130 1149 belli

157 1191 250 1249 quam
265 1176 304 1235 de
319 1175 399 1235 bello
415 1173 615 1249 triumpharit
635 1181 666 1234 et
679 1174 819 1249 legiones
831 1189 872 1232 ex
886 1174 1011 1251 illyrico
1023 1177 1131 1234 laurea·

157 1265 205 1318 tae
220 1259 327 1318 urbem
342 1257 458 1318 inibunt
469 1265 498 1317 et
513 1259 638 1318 navales
654 1259 747 1318 socii:
768 1257 991 1318 Macedonicae
1002 1259 1131 1333 legiones

157 1357 214 1400 suo
232 1342 380 1415 abrogato
396 1342 567 1418 triumphos
582 1343 700 1404 alienos
712 1343 918 1418 speculante
940 1341 1019 1417 quid
1030 1341 1131 1402 deinde

156 1431 216 1482 tam
232 1423 353 1499 opimae
370 1425 589 1499 praecautum
605 1427 769 1501 opulentae
785 1425 933 1486 victoriae
947 1427 1059 1500 spoliis
1073 1426 1133 1485 fietl

157 1523 290 1581 quonam
312 1506 462 1567 abdentur
482 1509 533 1567 illa
554 1516 598 1570 tol
611 1511 694 1569 milia
709 1525 863 1571 armorum
879 1509 1019 1570 detracta
1034 1525 1132 1583 corpo·

156 1589 240 1651 ribus
256 1592 410 1650 hostiumr
425 1608 463 1651 an
478 1593 508 1651 in
519 1591 731 1654 Macedoniam
746 1592 959 1654 remittentur?
981 1609 1044 1668 quo
1057 1594 1135 1668 signa

157 1690 258 1745 aurea,
271 1691 450 1750 marmorea,
467 1676 611 1749 eburnea,
626 1678 747 1738 tabulae
761 1678 870 1752 pictae,
886 1677 1012 1748 textilia,
1031 1685 1133 1737 tantum

157 1759 273 1832 argenti
286 1760 402 1830 caelati,
415 1766 530 1820 lantum
542 1760 616 1833 auri,
628 1767 711 1821 tauta
722 1761 855 1835 pecunia
866 1761 973 1834 regiae
988 1778 1028 1820 an
1041 1767 1132 1829 noctu,

158 1848 312 1918 tamquam
327 1844 447 1918 furtiva,
462 1843 492 1902 in
505 1844 656 1903 aerarium
669 1843 933 1919 deportabuntur?
950 1845 1049 1919 quid?
1069 1844 1134 1904 illud

157 1926 366 1998 spectaculum
388 1927 567 2000 maximum,
594 1927 804 1988 nobilissimus
826 1928 1134 2002 opulentissimusque

157 2023 213 2065 rex
229 2016 347 2082 captus,
369 2009 421 2068 ubi
435 2011 543 2069 victori
558 2013 673 2086 populo
690 2012 893 2072 ostendetur?
915 2028 996 2086 quos
1013 2011 1134 2089 Syphax

157 2105 211 2148 rex
229 2098 346 2165 captus,
363 2093 502 2151 accessio
518 2093 625 2154 Punici
638 2096 716 2168 belli,
733 2110 905 2156 concursus
918 2095 1034 2163 lecerit,
1051 2093 1133 2170 pleri-

159 2189 219 2244 que
231 2173 431 2232 meminimus.
449 2175 581 2236 Perseus
593 2193 650 2236 rex
662 2187 780 2254 captus
792 2178 954 2255 Philippus
967 2185 998 2239 et
1007 2180 1134 2238 Alexan-

117 2337 119 2342 ·
159 2256 214 2314 der
228 2256 280 2315 filii
295 2257 386 2330 regis,
402 2263 484 2316 tanta
499 2259 631 2334 nomina,
648 2263 864 2323 subtrahentur
879 2262 1011 2323 civitatis
1023 2262 1136 2324 oculis?

158 2339 261 2412 ipsum
284 2340 317 2398 L.
343 2339 481 2416 Paulum,
507 2342 554 2402 bis
580 2348 753 2417 consulem,
780 2346 963 2408 domitorem
985 2346 1134 2416 Graeciae,

158 2423 293 2483 omnium
307 2425 387 2483 oculi
399 2426 580 2502 conspicere
588 2429 693 2488 urbem
703 2446 794 2490 curru
804 2429 1027 2505 ingredientem
1034 2436 1136 2489 aveut=

158 2507 278 2567 adhoc
301 2508 428 2570 lecimus
450 2513 625 2586 causalem,
647 2521 680 2573 ut
701 2514 814 2574 bellum
836 2530 893 2589 per
907 2513 1135 2588 quadriennium

158 2590 272 2664 ingenti
294 2591 382 2650 etiam
405 2595 523 2666 pudore
543 2605 649 2658 nostro
670 2605 799 2658 tractum
814 2598 986 2673 perficeret.
1010 2597 1135 2657 111111-

160 2673 212 2732 tito
234 2675 438 2750 provinciam,
460 2680 508 2738 cui
523 2681 731 2755 proficiscenti
746 2681 1016 2758 praesagientibus
1031 2680 1134 2742 animis

106 2786 122 2796 „
160 2756 316 2815 victoriam
337 2758 584 2838 triumphumque
605 2766 842 2839 destinavimus,
869 2766 897 2825 11
916 2765 1023 2825 victori
1039 2765 1133 2827 trium·
1176 2829 1178 2834 ,

159 2837 253 2909 phum
268 2839 427 2912 negatoria
448 2852 479 2905 et
494 2847 617 2920 quidem
633 2865 695 2908 non
709 2849 850 2910 homines
864 2856 980 2910 tanturn
995 2849 1051 2908 sed
1063 2849 1133 2908 deos

160 2919 249 2978 etiam
264 2936 320 3016 suo
335 2922 453 3016 honore
469 2929 657 2992 fraudaturi?
678 2932 737 2993 diis
754 2948 880 3008 quoque
895 2933 991 3006 enim,
1012 2947 1075 2991 non
1089 2946 1134 2990 so·
1176 2943 1178 3016 ᾗ

160 3002 221 3060 lum
232 3003 405 3066 hominibus
418 3008 546 3072 debetur
558 3017 737 3092 triumphus.
753 3017 886 3077 maiores
900 3016 993 3076 vestri
1006 3014 1134 3076 omniun

160 3101 337 3158 magnarum
351 3105 452 3148 rerum
467 3103 497 3154 et
511 3098 663 3176 principia
679 3101 782 3161 exorsi
797 3100 835 3160 ab
852 3100 910 3160 diis
923 3104 993 3160 sunt
1009 3099 1134 3160 11111111

160 3175 337 3264 statuerunt.
366 3176 474 3268 consul
491 3183 693 3254 proficiscens
709 3191 870 3258 praetorve
885 3184 1039 3258 paludatis
1055 3184 1134 3243 licto·

159 3251 244 3310 ribus
264 3269 294 3310 m
314 3259 507 3346 'provinciam
529 3277 559 3328 11
579 3271 619 3330 ad
640 3270 752 3329 bellum
768 3276 839 3328 vota
853 3266 884 3327 in
900 3267 1050 3342 Capitolio
1066 3280 1134 3325 nuu-

160 3341 266 3405 cupat=
292 3344 388 3396 motor
408 3355 584 3418 perpetrato
606 3353 766 3413 eodenriu
788 3351 936 3426 Capitolio
951 3349 1135 3422 triumphans

161 3414 200 3470 ad
221 3417 344 3477 eosdem
368 3420 460 3497 deos,
487 3431 598 3502 quibus
617 3442 687 3495 uota
706 3435 907 3509 nuncupavit,
933 3433 1038 3492 merita
1060 3433 1137 3492 dona
