2424 3872
224 234 338 296 arena
351 233 481 296 xxxm
503 236 695 299 camarae.
716 240 870 320 [acuas]
987 241 1029 302 aa

26 399 27 462 1
77 388 157 464 pudor
173 388 261 448 movit
280 389 395 464 primos
416 387 623 460 centuriones,
648 390 700 465 qui
721 389 798 451 inter
817 392 878 452 tela
896 392 1029 457 hostium

26 471 27 536 l
75 478 220 547 praetorem
235 481 471 548 conspexerunt.
499 474 603 549 itaque
615 488 727 547 urgere
741 473 905 548 signiferos
921 492 977 552 pro
993 494 1029 539 se

26 549 28 614 l
75 554 194 630 quisque,
214 555 317 615 iubere
337 555 451 616 inferre
469 556 557 631 signa
571 564 601 616 et
614 557 777 618 confestim
791 557 915 619 nulitem
930 561 1028 634 sequi.

26 631 27 662 ³
74 645 211 699 renovatur
229 638 266 710 ab
282 639 422 700 omnibus
438 639 567 699 elamor=
588 639 722 714 impetus
735 641 770 701 nt
781 642 868 703 velut
882 657 922 702 eu
937 659 1028 719 supe·

26 733 29 826 p
73 721 134 780 riore
145 723 218 782 loco.
238 722 321 782 haud
336 738 427 782 secus
443 738 517 798 ergo
533 739 625 798 quam
639 726 781 785 tumentis
793 725 886 785 modo
899 726 1029 788 fundunt

26 827 28 884 t
73 812 243 881 sternuntque
258 808 434 881 perculsos,
451 821 509 866 nec
523 807 668 867 sustineri
684 806 734 867 alii
748 823 846 884 super
860 809 937 870 alios
952 811 1027 871 infe·

26 887 28 962 l
71 895 151 948 rentes
163 905 230 950 sese
244 896 386 964 possunt.
408 891 559 964 fugientes
575 891 606 950 in
622 897 723 950 castra
737 893 856 967 equites
873 893 1027 968 persecuti

26 967 28 1028 l
71 977 137 1046 sunt,
154 981 181 1033 et
199 973 339 1050 permixti
358 973 466 1034 turbae
480 973 613 1035 hostium
627 974 705 1034 intra
717 975 831 1035 vallum
847 983 1026 1052 penetrave-

26 1049 28 1140 ζ
71 1063 136 1124 mnt;
154 1057 201 1117 ubl
222 1058 261 1117 ab
281 1057 396 1117 relictis
410 1055 441 1116 in
456 1057 613 1133 praesidio
629 1065 799 1119 castrorum
817 1059 967 1133 proelium
981 1061 1026 1121 in·

71 1144 216 1215 sburatum,
235 1142 398 1216 coactique
412 1149 485 1202 sunt
498 1141 629 1202 Romani
644 1141 764 1217 equites
781 1141 972 1203 descendere
986 1159 1027 1204 ex

70 1220 145 1295 equis.
176 1224 386 1285 dimicantibus
407 1223 445 1285 iis
466 1224 546 1299 legio
567 1225 672 1298 quinta
687 1225 881 1299 superventa
905 1225 1026 1302 deinde,

69 1311 92 1361 nt
103 1322 227 1384 quaeque
241 1315 414 1384 potuerant,
431 1308 541 1382 copiae
555 1307 740 1368 adfluebant.
770 1309 948 1396 caeduntur
955 1326 1026 1386 pas·

72 1385 112 1446 sim
122 1387 240 1467 Hispani
254 1407 312 1468 per
327 1399 390 1452 totu
405 1399 521 1463 castra3
544 1407 602 1452 nec
617 1393 689 1468 plus
705 1407 795 1467 quam
813 1399 958 1468 quattuor
971 1395 1025 1455 mi·

70 1469 246 1536 inhominem
261 1475 445 1550 effugerunt.
469 1474 542 1535 inde
558 1475 615 1536 tria
627 1475 710 1536 milia
723 1477 797 1549 fere,
813 1476 864 1553 qui
880 1493 964 1538 arma
977 1493 1025 1538 re·

70 1551 195 1633 tinuerant,
209 1565 345 1621 montem
357 1559 563 1635 propinquum
576 1567 737 1635 ceperunt;
753 1560 834 1620 mille
845 1561 1024 1621 semiermes

70 1639 172 1701 manne
181 1657 237 1718 per
247 1657 340 1718 agros
354 1643 444 1718 palati
454 1651 534 1703 sunt.
556 1659 652 1718 supra
661 1642 785 1718 triginta
796 1644 931 1720 quinque
943 1643 1025 1704 milia

70 1714 172 1784 hostium
187 1727 326 1798 fuerant,
349 1741 388 1786 ex
410 1725 521 1802 quibus
539 1732 600 1786 tam
620 1726 732 1800 exigua
747 1741 820 1801 pars
836 1742 958 1802 pugnae
973 1743 1025 1787 su·

71 1806 161 1874 lenuit
183 1810 272 1885 signa
287 1817 377 1885 capta
391 1816 512 1870 centum
526 1809 646 1884 triginta
657 1808 723 1869 tria.
743 1810 873 1871 Romani
885 1811 1025 1885 sociique

71 1889 137 1958 lauto
155 1895 221 1968 plus
242 1894 381 1955 sexcenti
401 1901 431 1954 et
449 1892 680 1968 provincialium
700 1892 882 1951 auxiliorum
904 1900 1025 1952 centum

71 1969 258 2052 quinquaginta
280 1978 375 2038 ferme
396 1977 581 2037 ceciderunt.
615 1975 727 2035 tribuni
747 1974 872 2036 militum
889 1975 1025 2049 quinque

70 2054 147 2116 amissi
156 2068 184 2120 et
200 2060 293 2138 pauci
308 2059 570 2136 equitesltomani
582 2063 725 2120 cruentae
735 2058 866 2118 maxime
877 2059 1024 2120 victoriae

71 2139 174 2208 speciem
194 2146 340 2206 fecerunt.
373 2143 404 2203 in
420 2144 529 2204 castris
543 2142 690 2215 bostium,
713 2143 784 2217 quia
797 2140 875 2218 ipsis
891 2143 1022 2219 spatium

70 2233 111 2279 aua
126 2228 341 2289 communiendi
361 2242 423 2288 non
445 2228 557 2302 fuerat,
580 2233 764 2288 manserunt.
801 2243 857 2302 pro
879 2228 1023 2289 contione

71 2312 165 2374 postero
179 2311 227 2371 die
242 2309 359 2371 laudati
373 2309 540 2386 donatique
555 2326 573 2370 a
589 2311 618 2370 C.
632 2310 795 2386 Calpurnio
811 2310 931 2385 equites
947 2309 1022 2386 plra-

71 2384 134 2462 leris,
146 2393 410 2470 pronuntiavitque
426 2408 531 2457 eorum
546 2393 677 2455 maxime
691 2409 788 2469 opera
801 2393 908 2454 hostes
924 2395 1021 2466 fusos,

70 2479 145 2534 tustra
162 2487 248 2554 capta
269 2485 299 2540 et
319 2485 496 2555 expugnata
517 2493 597 2539 esse.
627 2475 783 2552 Quinctius
805 2479 880 2536 alter
899 2484 1023 2553 praetor

71 2565 124 2616 suos
140 2563 255 2636 equites
277 2563 393 2623 catellis
414 2579 450 2623 ac
465 2561 567 2623 fibulis
587 2560 721 2622 donavit.
754 2557 859 2621 donati
873 2567 904 2620 et
919 2567 1022 2620 centu·

70 2633 145 2702 nones
155 2661 192 2706 ex
201 2645 363 2722 utriusque
375 2644 512 2707 exercitu
523 2645 673 2722 permulti,
685 2644 815 2703 maxime
826 2641 879 2716 qui
891 2642 1023 2703 mediam

70 2718 140 2784 aciem
151 2734 319 2791 tenuerunt.

130 2809 239 2874 XXXII.
269 2813 418 2875 Consules
443 2813 604 2885 dilectibus
629 2811 775 2886 aliisque,
801 2824 881 2884 quae
905 2810 1022 2871 Romae

70 2893 176 2978 tentiae
190 2904 284 2972 erant,
303 2898 433 2972 peractis
444 2897 537 2958 rebus
553 2897 584 2957 in
594 2895 721 2972 Ligures
732 2891 921 2970 provinciam
932 2909 1021 2955 exer·

71 2975 136 3033 crtum
148 2979 303 3042 duxerunt.
325 2979 526 3056 Sempronius
541 2979 648 3040 aPisis
660 2979 816 3055 profectus
827 2979 858 3038 in
868 2979 1021 3054 Apuanos

71 3044 180 3134 Lieures,
199 3065 351 3126 vastando
373 3081 465 3140 agros
483 3064 665 3140 urendoque
682 3063 769 3123 noos
784 3068 814 3123 et
829 3062 954 3124 castella
968 3077 1020 3124 eo·

72 3144 118 3196 llll
133 3149 238 3218 aperuit
258 3150 370 3209 saltum
390 3165 490 3225 usque
512 3148 552 3208 ad
570 3147 704 3208 Macram
725 3144 852 3207 fluvium
873 3153 903 3208 et
915 3147 1022 3208 Lunae

73 3227 171 3286 lunum.
196 3231 301 3293 hostes
321 3239 470 3305 montem,
491 3232 645 3308 antiquam
661 3230 768 3292 sedem
782 3230 930 3291 maiorum
948 3245 1021 3291 suo·

73 3308 126 3391 mm,
138 3323 291 3388 ceperunt;
314 3324 344 3377 et
357 3314 430 3376 inde
445 3323 590 3391 superata
604 3316 742 3376 locorum
756 3313 916 3390 iniquitate
931 3325 1020 3388 proe-

74 3377 100 3441 lo
116 3387 210 3458 deiecti
229 3407 309 3460 sunt.
341 3407 372 3461 et
386 3404 446 3476 Ap.
462 3399 605 3460 claudius
629 3398 802 3459 felicitatem
816 3398 1020 3466 virtutemque

74 3467 177 3549 wllegae
195 3481 222 3543 in
236 3483 398 3560 Liguribus
412 3483 556 3558 Ingaunis
575 3481 719 3555 aequavit
739 3479 884 3541 secundis
905 3476 1021 3546 aliquot
