2328 3870
235 273 349 334 LIBER
360 274 449 334 XLII.
472 275 555 334 CAP.
568 284 592 335 1.
604 283 631 336 π.
655 279 691 348 [a.
704 279 736 331 c.
750 279 811 345 173]
954 273 1012 337 ltl

54 425 102 494 ire;
122 425 204 484 cuius
224 425 377 500 ingentem
398 425 523 484 modum
543 423 705 498 possidere
720 420 856 498 privatos
871 424 1014 497 paulatim

55 508 219 584 proterendo
234 509 313 568 fines
330 508 498 568 constabat.
521 507 570 567 hic
585 507 679 567 iratus
690 505 905 576 Praenestinis,
921 508 1014 581 quod,

56 609 107 652 cunt
130 607 165 652 eo
188 591 327 669 privatus
352 591 496 652 sacrificii
516 591 547 650 in
568 591 681 665 templo
702 589 856 650 Fortunae
881 589 1015 650 lactandi

54 691 129 734 causa
141 675 299 749 protectus
314 681 406 748 esset,
422 672 494 733 nillil
510 674 540 734 in
553 689 588 733 se
597 671 766 734 honorilice
781 687 884 748 neque
894 672 1015 748 publice

53 772 134 834 neque
147 759 287 833 privatim
302 758 415 818 lactum
429 756 664 818 aPraenestinis
676 763 768 828 esset,
785 756 964 832 priusquam
976 757 1015 816 ab

52 843 130 900 lloma
144 841 401 916 proficisceretur,
417 841 530 901 litteras
545 840 709 901 Praeneste
724 839 814 914 misit,
830 847 863 900 ut
877 837 936 900 sibi
952 856 1011 899 ma-

51 925 175 998 gistratus
190 925 315 984 obviam
330 925 435 996 exiret,
451 925 552 984 locum
565 924 685 998 publice
696 929 828 998 pararet,
843 922 894 984 ubi
907 923 1012 984 dever

50 1016 151 1083 teretur,
165 1007 372 1084 iumentaque,
385 1023 454 1067 cum
466 1007 563 1066 exiret
574 1006 654 1080 inde,
671 1012 793 1081 praesto
806 1016 920 1067 essent.
944 1015 1014 1067 ante

2 1115 3 1166 a
51 1091 116 1150 lunc
135 1092 294 1152 consulem
315 1106 405 1150 nemo
425 1106 572 1166 umquam
586 1089 683 1150 sociis
694 1089 724 1148 in
739 1090 801 1149 ulla
815 1105 849 1150 re
863 1089 949 1149 oneri
963 1095 1014 1152 aut

2 1169 3 1249 ᾗ
52 1173 166 1249 sumptui
184 1175 251 1235 luit.
285 1174 356 1235 ideo
377 1173 572 1248 magistratus
593 1172 682 1233 mulis
703 1172 970 1246 tabernaculisque
985 1181 1015 1234 ct

2 1331 3 1338 ἵ
51 1259 115 1317 omni
134 1259 190 1319 alio
213 1259 417 1319 instrumento
437 1257 557 1317 militari
578 1256 779 1329 ornabantur,
800 1270 838 1316 ne
860 1253 935 1332 quid
954 1255 1014 1315 tale

2 1343 3 1384 ἑ
50 1339 214 1416 imperarent
228 1341 334 1403 sociis.
360 1341 479 1417 privata
494 1340 628 1414 hospitia
641 1338 809 1400 habebant:
831 1355 869 1400 ea
882 1338 1015 1414 benigne

51 1424 217 1501 comiterque
229 1424 388 1494 colebant;
404 1425 578 1500 domusque
592 1438 697 1483 eorum
709 1423 824 1483 Romae
839 1421 1012 1498 hospitibus

2 1547 3 1570 2
50 1507 189 1584 patebant,
206 1509 293 1586 apud
309 1525 387 1583 quos
402 1509 480 1584 ipsis
496 1507 610 1568 deverti
625 1522 693 1566 mos
708 1515 800 1568 esset.
829 1505 936 1582 legati,
960 1505 1011 1583 qui

2 1577 3 1638 ³
49 1599 160 1750 llll.
174 1591 646 1749 tiantltcllatttll
666 1591 1013 1749 tllltttlltltt

433 1720 440 1747 ‚
651 1716 658 1729 .

50 1757 79 1816 cii
90 1755 116 1817 in
129 1760 325 1835 magistratus
339 1759 495 1818 Romanos
517 1774 578 1817 non
600 1758 759 1817 faciebant.
793 1757 866 1816 inde
881 1758 926 1816 ira
941 1772 1011 1817 con-

50 1839 123 1914 sulis,
137 1841 257 1904 etiamsi
271 1843 351 1903 iusta
366 1858 428 1902 non
443 1849 543 1902 tamen
558 1841 589 1900 in
603 1841 781 1914 magistratu
795 1838 968 1899 exercenda
983 1846 1013 1899 et

50 1923 177 1986 silentium
191 1924 282 1987 nimis
294 1931 346 1986 aut
356 1925 527 1985 modestum
539 1931 590 1985 aut
601 1922 737 1984 timidum
747 1921 1012 1983 Praenestinorum

50 2003 94 2080 ius,
107 2009 184 2070 velut
199 2009 330 2086 probato
347 2008 497 2084 exemplo,
512 2005 737 2084 magistratibus
754 2006 825 2066 lecit
839 2006 1012 2080 graviorum

49 2085 141 2152 indies
156 2093 226 2154 talis
241 2095 362 2168 generis
377 2092 583 2167 imperiorum.

116 2175 149 2234 lI.
169 2175 325 2252 Principio
350 2175 441 2236 huius
462 2174 532 2235 anni
552 2175 658 2250 legati,
687 2175 738 2251 qui
759 2173 788 2234 in
811 2173 963 2236 Aetoliam
983 2179 1014 2234 et
1102 2167 1106 2174 ’

48 2253 241 2320 Macedoniam
266 2258 353 2320 missi
374 2265 475 2333 erant,
500 2259 709 2321 renuntiarunt
729 2259 787 2318 sibi
808 2257 1011 2319 conveniendi

52 2340 116 2414 regis
128 2342 243 2417 Persei,
259 2359 328 2403 cum
343 2343 391 2402 alii
406 2342 518 2402 abesse
533 2357 617 2415 eum,
633 2343 682 2402 alii
697 2357 820 2416 aegrum
835 2357 916 2414 esse,
933 2342 1011 2401 salso

50 2427 201 2501 utrumque,
220 2427 377 2502 tingerent,
393 2431 575 2501 potestatem
590 2419 652 2486 nod
668 2428 787 2486 tactam.
809 2425 897 2485 facile
911 2434 1011 2485 tamen

50 2509 215 2581 appannsse
229 2509 288 2571 sibi
302 2525 382 2570 nunc
396 2509 509 2570 bellum
524 2509 632 2584 parari,
649 2525 706 2568 nec
721 2509 798 2568 ultra
814 2508 854 2567 ad
868 2523 952 2566 arma
967 2508 1011 2566 ire

50 2585 201 2654 dilaturum.
224 2595 294 2656 item
310 2593 339 2652 in
351 2593 471 2653 Aetolia
486 2592 666 2653 seditionem
681 2593 812 2666 gliscere
825 2590 855 2648 in
868 2591 944 2662 dies,
960 2605 1010 2648 ne·

51 2685 96 2742 luc
111 2675 332 2739 discordiarum
352 2675 509 2752 principes
529 2674 708 2735 auctoritate
729 2688 786 2734 sua
807 2673 942 2732 coerceri
957 2688 1009 2747 po—

50 2755 136 2820 luisse.
163 2778 232 2824 cum
254 2761 366 2820 bellum
383 2759 613 2819 Macedonicum
628 2757 657 2817 in
673 2756 905 2831 exspectatione
919 2763 1012 2826 esset,

50 2839 209 2920 priusquam
230 2843 260 2903 id
287 2843 510 2920 susciperetur,
540 2841 679 2918 prodigia
701 2839 819 2916 expiari
840 2855 1011 2916 pacemque

51 2919 123 2986 deum
142 2929 202 3004 peti
226 2927 466 3003 precationibus,
491 2926 541 3001 qui
562 2926 634 2987 editi
652 2940 690 2985 ex
706 2923 848 2985 tatalibus
862 2924 947 2985 libris
962 2941 1010 2984 es-

52 3015 112 3083 sent,
126 3011 245 3085 placuit.
272 3011 399 3070 Lanuvii
416 3009 524 3070 classis
539 3025 668 3084 magnae
683 3009 806 3085 species
820 3008 849 3068 in
866 3011 951 3070 caelo
968 3009 1009 3067 vi-

52 3099 92 3148 sae
110 3093 298 3168 dicebantur,
320 3101 351 3154 et
362 3093 496 3153 Priverni
516 3095 587 3153 lana
608 3095 692 3168 pulla
711 3101 792 3154 terra
812 3100 916 3167 enata,
937 3099 968 3152 et
981 3093 1010 3151 in

51 3167 150 3238 Veienti
161 3178 242 3254 apud
249 3178 427 3239 Rementem
438 3177 613 3252 lapidatum,
621 3173 813 3251 Pomptinum
825 3191 915 3237 omne
928 3177 1010 3236 velut

51 3255 163 3346 labibus
177 3263 363 3324 locustarum
379 3268 556 3336 coopertum
573 3276 653 3333 esse,
672 3260 702 3318 in
719 3260 834 3320 Gallico
850 3275 933 3336 agro,
950 3273 1011 3331 qua

52 3339 224 3432 traduceretur
233 3353 374 3418 aratrum,
392 3344 449 3404 sub
461 3341 680 3405 exsistentibus
691 3343 788 3418 glebis
799 3342 902 3418 pisces
915 3353 1011 3398 emer-

53 3432 126 3485 srssc.
153 3430 190 3490 ob
209 3429 287 3490 haec
309 3427 450 3504 prodigia
462 3427 530 3488 libri
545 3429 653 3488 letales
667 3427 813 3501 inspecti,
836 3424 1011 3494 editumque

53 3501 265 3574 tbdecemviris
278 3519 340 3588 est,
357 3521 386 3573 et
401 3511 512 3586 quibus
528 3511 586 3570 diis
603 3509 783 3646 quibusque}³
791 3503 901 3622 laostiis
917 3502 1008 3562 sacri-
