2364 3862
219 224 330 286 LtBott
344 225 433 285 XLII.
454 227 537 286 CAP.
551 234 651 291 cofit-
667 233 704 301 [α.
720 228 828 300 C.1tt]
937 228 997 292 187

52 379 121 439 ritas
134 377 314 452 occisisque,
328 395 389 439 non
404 386 514 438 tereret
528 389 649 456 ternpus
664 381 696 442 in
709 381 871 444 obsidione
884 389 1000 460 praesi-

51 462 96 533 dii,
108 461 279 533 secandum,
295 477 331 520 oa
344 478 468 537 quoque
478 471 624 538 temptata
633 474 814 541 mannaque,
828 483 898 528 cum
909 472 1001 530 sciret

51 543 109 604 nihil
124 543 236 604 roboris
254 557 360 605 secam
380 561 466 616 esse,
488 547 560 608 dum
574 548 680 608 deerat
692 549 821 624 lamma,
845 552 945 625 abire,
971 564 1001 612 at

51 629 104 701 ipse
119 625 245 687 hostiam
264 629 427 690 advetnum
453 629 554 691 clatus
572 646 722 694 successu
739 634 871 707 mansit,
897 644 927 695 et
948 635 1001 712 qui

51 711 206 786 phalangem
217 721 410 772 arcesserent
421 729 554 788 propero
564 713 663 782 misitr
679 733 741 792 qtttt
752 725 783 778 ot
796 720 895 780 scrius
908 733 1000 794 quam

51 809 90 854 raa
99 795 262 868 postulabat
275 803 306 855 et
324 799 434 870 raptim
447 805 532 871 acta,
554 799 664 859 turbati
677 815 771 861 cursu
788 803 939 864 adversus
955 805 998 864 in·

49 885 155 938 suoetos
175 886 205 938 et
223 890 424 954 praeparatos
440 889 525 940 eraut
545 882 713 944 adventuri.
746 887 855 948 consul
876 897 1000 947 anteve-

49 960 115 1020 niens
133 964 282 1036 extempio
305 965 456 1038 proelium
470 964 634 1026 conseruit.
664 967 762 1041 primo
776 971 920 1030 resistere
934 969 999 1030 lta·

16 1101 17 1104 ,
47 1044 172 1116 cadonas,
185 1045 307 1120 deiude,
323 1055 356 1107 ut
367 1049 494 1108 nullaro
505 1063 597 1123 paros
609 1059 703 1126 erant,
720 1052 842 1112 amissis
854 1054 998 1113 trecentis

16 1155 17 1164 2
47 1126 188 1202 peditibus,
211 1129 321 1206 viginti
346 1138 490 1206 quattuor
509 1131 694 1208 primoribus
720 1136 856 1210 maritum
882 1151 921 1194 ex
942 1137 998 1206 ala,

47 1226 117 1284 quam
129 1229 246 1274 sacrm
261 1223 388 1288 vocant,
409 1216 487 1275 inter
501 1231 580 1291 quos
593 1215 792 1280 Autittrachus
807 1218 897 1278 etiam
913 1233 999 1292 prae

16 1343 18 1346 .
46 1293 121 1354 ictus
139 1298 203 1356 alae
224 1298 349 1370 cecidit,
376 1297 461 1358 abire
482 1309 641 1360 conantur.
669 1309 803 1360 ceterum
823 1301 881 1360 iter
901 1313 999 1376 prope
1113 1291 1121 1310 ⁴

16 1415 18 1460 L
45 1377 221 1453 ipsoproolio
234 1381 527 1442 tumultuosiosluit.
548 1382 684 1458 phalanx
694 1383 750 1442 abs
762 1383 882 1459 trepido
894 1385 999 1444 nuntio

16 1501 18 1532 ᾗ
44 1462 122 1522 accita
132 1477 197 1523 cum
210 1465 324 1540 raptim
336 1465 512 1538 duceretur,
534 1465 632 1540 prinao
646 1466 677 1526 in
697 1467 847 1542 angustiis
861 1469 996 1542 captivo·

44 1558 93 1604 ram
105 1548 208 1622 agrniai
229 1549 334 1608 oblata
353 1549 564 1624 vehiculisque
584 1550 736 1610 frumento
757 1552 875 1612 onustis
891 1552 998 1612 haesit

45 1626 128 1701 inpono
142 1630 182 1690 ibi
195 1633 319 1692 vexatio
334 1633 429 1707 partis
449 1633 612 1708 utriusque
624 1635 681 1694 init
700 1635 783 1696 utdlo
799 1642 998 1708 exspectante

16 1751 18 1778 i
44 1717 223 1789 utotcumqne
234 1717 441 1790 explicaretur
450 1729 574 1791 agumm
590 1717 646 1776 sed
659 1718 783 1778 armatis
795 1717 997 1778 deicientibus

16 1779 18 1824 ξ
46 1808 241 1874 perpraeceps
254 1799 472 1874 impedimenta
487 1831 526 1844 -
542 1814 644 1875 neque
664 1799 746 1859 euim
760 1798 846 1860 aliter
860 1799 911 1858 via
925 1816 998 1874 apo-

16 1895 17 1960 3
43 1875 261 1954 nripooerat-‚
277 1883 433 1956 iumentis,
449 1898 519 1942 cum
529 1884 769 1955 stimularentur,
784 1881 815 1940 in
827 1883 916 1942 turba
930 1898 998 1942 sne·

16 1971 17 2016 t
44 1960 177 2026 donibus.
204 1967 261 2025 vix
281 1967 320 2026 ab
340 1963 497 2027 incondito
513 1967 634 2040 agmine
648 1966 838 2040 captivorum
852 1966 997 2040 expedic-

43 2053 94 2104 nnt
102 2062 183 2121 sesa,
196 2065 271 2109 cum
279 2047 364 2124 regio
377 2051 489 2123 agmini
502 2051 715 2124 perculsisque
725 2049 877 2124 equitibus
890 2064 998 2110 occur-

16 2129 17 2184 }
44 2135 101 2188 mut.
119 2131 156 2190 ibi
170 2147 247 2192 vero
262 2135 379 2192 elamor
389 2129 557 2193 iubentium
570 2134 688 2194 reterre
701 2134 789 2208 signa
799 2135 905 2193 ruinae
920 2149 996 2207 quo-

43 2226 88 2283 aoa
97 2224 186 2288 prope
197 2216 329 2276 similem
339 2215 574 2290 trepidationem
584 2217 667 2290 iecit,
675 2226 707 2280 ut
717 2217 743 2278 si
755 2217 861 2278 hostes
873 2217 997 2278 introire

44 2299 172 2367 amenas
187 2300 260 2360 ausi
278 2299 401 2374 longino
416 2300 550 2360 insecuti
561 2309 680 2375 assant,
702 2313 810 2375 magna
826 2301 930 2361 clades
948 2316 996 2360 ae-

16 2423 17 2426 *
42 2376 87 2450 cipi
104 2385 244 2455 patuerit.
268 2385 377 2444 consul
390 2391 518 2457 recepta
538 2399 579 2443 ex,
597 2387 713 2447 ttuuulo
730 2383 902 2459 praesidio,
923 2400 996 2444 con-

16 2495 17 2528 :
42 2465 120 2524 tantm
131 2467 428 2539 modiccsucceasu,
440 2467 470 2524 in
482 2476 583 2527 eastra
595 2469 702 2541 capus
714 2467 845 2528 reduxit
861 2467 996 2540 suntqui

42 2556 70 2601 ec
81 2545 122 2608 die
135 2565 246 2624 magno
260 2553 377 2624 proelio
392 2559 559 2630 pugnaturn
573 2561 718 2611 auctores
730 2552 807 2610 sinte
827 2559 897 2609 octo
915 2547 997 2608 milia

16 2679 17 2684 ,
42 2623 150 2691 hostiam
164 2649 272 2704 caesa,
287 2635 318 2692 in
332 2634 380 2694 lais
397 2633 561 2708 Sopatrum
575 2643 605 2695 et
618 2633 812 2706 Antipatrum
826 2633 928 2706 regios
942 2631 996 2692 dtt·

42 2721 94 2783 tto,
110 2715 193 2776 vivos
219 2725 327 2790 captos
351 2717 471 2778 circiter
490 2717 551 2778 duo
576 2717 659 2776 milia
678 2716 883 2789 octingentos,
909 2714 998 2788 signa

43 2793 157 2858 militaria
169 2809 261 2874 capta
273 2801 378 2874 viginti
398 2809 524 2875 septem.
554 2814 612 2860 nee
632 2801 820 2860 incruentam
839 2799 995 2859 victoriana

43 2873 133 2938 luisses
149 2900 244 2958 attpra
259 2892 402 2959 quattuor
414 2885 497 2944 milia
510 2892 540 2943 et
554 2891 708 2945 trecentos
720 2883 760 2943 de
776 2883 912 2944 exercitu
924 2899 995 2944 con-

44 2961 100 3020 sulis
114 2968 275 3036 cecidisse,
295 2968 383 3040 mgna
396 2966 541 3028 sinistrae
553 2969 624 3028 alae
638 2968 775 3042 quinquo
788 2964 912 3026 amissa.

106 3047 220 3110 LXVII.
240 3051 296 3110 Hic
309 3051 376 3111 dies
391 3057 421 3110 et
431 3051 579 3112 Romanis
590 3051 697 3111 reiecit
711 3051 830 3112 animos
844 3059 874 3110 ct
884 3050 996 3111 Persea

46 3131 162 3206 terentia,
179 3141 212 3193 ut
226 3134 292 3194 dies
307 3149 423 3208 paucos
435 3134 476 3193 ad
486 3133 659 3208 Mopselum
670 3143 807 3196 moratos
822 3137 997 3210 sepulturae

45 3213 150 3274 maxime
164 3217 289 3278 militurn
309 3218 492 3278 amissorum
514 3232 602 3291 cura,
624 3217 778 3291 praesidio
799 3217 874 3278 satis
894 3217 996 3276 valido

44 3291 324 3360 adGonnumreticto
337 3300 589 3360 inMacedoniarn
599 3299 750 3375 reciperet
761 3301 877 3374 copias.
898 3301 997 3358 Timo-

45 3365 124 3438 neap
138 3384 288 3457 quondam
300 3399 339 3444 ex
354 3383 446 3458 regiis
460 3382 623 3457 praesectis
635 3399 704 3444 cum
714 3383 837 3443 modica
847 3397 939 3439 manu
949 3394 997 3438 ro·

16 3515 17 3520 ,
47 3453 132 3534 linquit
150 3467 188 3526 ad
200 3467 331 3541 Philam,
354 3467 471 3528 iussum
489 3466 647 3542 Magnetas
668 3481 708 3524 ex
728 3465 901 3538 propinquo
923 3470 997 3520 tern-
