2364 3862
228 192 342 253 LtBER
356 194 446 254 XLV.
468 194 627 256 cumas.
650 202 687 267 [ι.
703 202 809 268 eane]
939 194 1000 259 257

42 354 184 422 postquam
197 361 300 420 regem
311 345 423 408 Persea
437 346 658 408 consuliPaulo
673 349 801 407 salutem
815 348 895 424 legit,
910 350 1000 410 mise·

42 432 164 490 rationem
177 445 299 490 omnem
306 429 430 490 stultitia
442 429 612 504 ignorantis
619 432 772 491 fortunam
783 447 871 491 suant
878 433 999 492 exaurit.

40 513 123 586 taque
134 529 318 588 quamquam
330 515 360 571 in
368 513 486 586 reliqua
492 521 578 588 parte
585 513 751 574 litterarum
760 512 883 574 minime
897 516 1001 588 regiae

36 611 127 670 preces
139 603 232 669 eraut,
246 603 347 656 tamen
361 596 707 670 sineresponsoacsine
717 597 825 658 litteris
836 613 875 656 ea
887 597 998 672 legatio

36 679 203 738 dimissaest.
224 677 999 742 sensitPerseuscuiusnominisobliviscendumvi-

35 767 73 822 cto
85 769 178 822 esset:
193 762 299 836 itaque
313 763 427 821 alterae
439 762 557 822 litterae
568 778 636 822 cum
653 762 901 837 privatinominis
911 764 997 826 titulo

34 846 127 905 nissae
139 853 168 906 et
180 847 299 920 petiere
312 851 342 904 et
347 846 558 920 impetravere,
572 853 607 905 ut
617 845 709 920 aliqui
717 847 757 906 ad
769 862 838 907 eum
845 847 998 908 mitteren-

32 934 77 1002 tur,
87 943 151 987 cunr
166 928 280 1003 quibus
293 928 380 1004 loqui
393 929 432 988 de
445 935 526 988 statu
538 935 568 988 et
580 929 844 990 condicionesuae
856 931 998 991 fortunae

31 1018 129 1084 posset
145 1011 382 1072 missisunttres
389 1011 489 1086 legati,
496 1010 681 1072 P.Lentulus
688 1011 997 1074 apostumiusntbi-

31 1109 76 1152 nus
82 1095 286 1156 tolumnius.
302 1093 376 1154 nihil
389 1110 425 1153 ea
432 1094 759 1170 legationeperlectum
766 1103 815 1156 est
823 1094 937 1156 Perseo
948 1112 997 1156 re·

17 1177 97 1250 'glum
107 1193 217 1238 nomen
231 1179 314 1238 omni
325 1179 356 1237 vi
363 1179 574 1252 amplectente,
587 1177 889 1253 Pauloutsesuaque
897 1178 998 1238 omnia

29 1257 147 1321 infidam
161 1268 191 1322 et
199 1262 505 1338 clementiampopuli
512 1262 832 1336 Romanipernritteret
843 1262 996 1323 tendente.

94 1345 129 1402 V.
149 1345 231 1405 Dum
245 1345 323 1405 haee
338 1351 476 1419 aguntur,
493 1345 603 1406 classis
619 1345 671 1405 Cu.
688 1344 804 1406 Octavii
820 1343 996 1406 Samothra·

31 1439 83 1484 oum
102 1433 148 1487 est
167 1431 313 1504 appulsa.
348 1429 375 1489 is
397 1444 522 1504 quoque
543 1427 699 1503 praesenti
726 1430 850 1491 admoto
878 1433 997 1490 terrola

30 1509 103 1569 modo
118 1510 206 1572 minis
222 1512 316 1573 modo
332 1527 391 1586 spe
406 1513 569 1586 perlicere,
591 1519 625 1572 ut
638 1529 673 1572 se
687 1513 836 1587 traderet,
858 1529 927 1573 cum
943 1528 995 1575 co·

31 1600 146 1667 caretur,
166 1594 293 1655 adiuvit
311 1595 342 1654 in
363 1595 423 1655 hoc
443 1612 514 1656 eum
528 1611 580 1656 res
594 1611 652 1656 seu
666 1612 742 1657 casu
762 1603 919 1658 conuecta
939 1613 996 1658 seu

30 1675 148 1737 consilo.
181 1678 215 1738 L.
235 1678 346 1738 Atilius
361 1677 489 1740 illustris
509 1679 693 1740 adolescens
714 1692 783 1740 cum
807 1680 996 1740 incontinua

30 1770 86 1817 esse
98 1764 246 1836 populum
267 1760 499 1822 Samothracum
516 1763 650 1822 animum
669 1763 868 1836 advertisset,
889 1777 908 1821 a
932 1778 995 1822 ma-

30 1839 183 1910 gistratibus
206 1845 307 1920 petiit,
329 1853 363 1907 ut
376 1845 436 1904 sibi
451 1846 558 1920 paucis
581 1846 769 1920 adloquendi
787 1845 894 1920 populi
909 1852 994 1919 pote-

31 1929 116 1988 statem
132 1927 279 1988 lacerent.
312 1928 481 2004 permisso,
502 1935 630 2002 „utrum
644 1945 712 2001 noa,
730 1928 871 2003 hospites
888 1925 995 1988 Samo·

31 2004 138 2084 thracae,
154 2027 231 2071 vere
245 2013 421 2087 accepimus
436 2027 475 2070 an
491 2013 578 2086 falso,
595 2028 715 2073 sacram
729 2011 808 2072 hano
823 2012 954 2070 insulam
965 2018 994 2074 et

31 2093 130 2164 augusti
149 2100 248 2154 tutam
268 2102 361 2170 atque
381 2095 517 2155 inviolati
539 2096 598 2156 soli
622 2099 739 2156 ιιεεοιιι
769 2111 838 2155 cum
860 2095 995 2155 creditae

32 2177 158 2237 sanctitati
172 2179 402 2239 adsentirentur
416 2193 532 2252 omnes,
548 2195 624 2253 „cur
639 2179 750 2254 igitur“
765 2177 871 2254 inquit·
877 2177 995 2253 „pollui

31 2267 82 2316 taut
98 2259 252 2322 homicida
273 2260 313 2300 **
334 2260 485 2336 sanguiue
506 2261 590 2338 regis
616 2262 762 2323 Eumenis
787 2262 929 2325 violavita
964 2269 996 2323 et

32 2351 83 2400 oum
96 2345 191 2405 omnis
208 2345 357 2420 praelatio
373 2361 533 2406 sacrorum
544 2361 600 2406 eos
617 2347 729 2421 quibus
744 2363 806 2407 non
821 2347 882 2408 sint
896 2361 994 2421 purae

31 2436 116 2486 uanus
137 2429 237 2490 sacris
257 2435 374 2498 arceat,
402 2444 458 2488 vos
483 2430 651 2504 penetralia
670 2437 774 2491 vestra
795 2427 993 2491 contaminari

31 2515 132 2570 omento
148 2511 277 2572 latronis
293 2527 424 2610 corpore
438 2513 586 2573 sinetist“
611 2512 723 2576 nobilis
736 2515 816 2574 lama
830 2519 896 2573 erat
909 2511 993 2586 apud

31 2603 115 2652 onnes
136 2595 285 2655 Graeciae
306 2595 443 2656 civitates
468 2597 612 2656 Eumenis
638 2598 720 2670 regis
740 2612 797 2671 per
816 2595 993 2656 Euandrum

29 2668 134 2747 Delphis
160 2694 261 2754 prope
288 2685 463 2753 perpetrata
484 2681 608 2740 caedes.
644 2679 748 2754 itaque
777 2686 992 2754 praeterquam

31 2759 121 2825 quod
113 2778 142 2819 m
163 2768 318 2839 potestate
332 2764 539 2824 Romanorum
560 2778 632 2824 sese
646 2763 840 2838 insulamque
854 2768 946 2822 totam
962 2767 993 2821 et

31 2842 152 2914 tenplum
167 2846 336 2906 cernebant
350 2861 436 2920 esse,
458 2862 496 2907 ne
511 2846 659 2908 immerito
675 2847 798 2922 quidem
813 2863 851 2906 ea
865 2845 923 2908 sibi
939 2861 992 2904 ex-

31 2923 146 2991 probrari
165 2929 238 3004 rati,
259 2929 440 3004 Theondan,
463 2930 516 3006 qui
536 2948 674 2994 summus
695 2931 889 3006 magistratus
908 2930 991 3008 apud

30 3018 70 3064 eos
82 3019 196 3072 erat—
210 3028 314 3087 regem
334 3013 395 3088 ipsi
416 3015 648 3090 appellant-2
670 3017 710 3076 ad
730 3015 844 3078 Persea
862 3014 990 3088 mittunt,

30 3089 68 3159 qui
79 3097 228 3156 nuntiaret
236 3098 327 3171 argui
339 3097 444 3159 caedis
457 3099 634 3161 Euandrum
649 3091 833 3174 Cretensem,
850 3117 921 3162 esse
937 3114 991 3160 au

32 3173 78 3232 lem
92 3175 201 3240 iudicia
217 3181 301 3254 apud
316 3197 388 3242 sese
407 3199 492 3243 more
512 3183 661 3245 maiorum
683 3192 860 3261 comparata
881 3186 920 3245 de
941 3181 989 3254 iis,

30 3255 68 3324 lui
76 3257 205 3324 incestas
217 3279 324 3324 manus
336 3267 532 3327 intulisset
489 3274 532 3326 rnt
532 3285 566 3327 ra
577 3268 723 3330 terminos
735 3276 874 3330 sacratos
886 3262 990 3339 templi

31 3335 156 3407 dicantur.
178 3347 205 3407 si
221 3348 391 3410 confideret
404 3350 547 3412 Euander
567 3350 724 3413 innoxium
740 3368 775 3413 se
788 3351 833 3412 rei
849 3347 989 3425 capitalis

30 3425 105 3498 argui,
119 3431 235 3491 veniret
248 3433 289 3492 ad
304 3449 428 3494 causam
444 3435 619 3496 dicendam.
642 3437 669 3497 si
691 3433 877 3496 committere
892 3448 927 3493 se
942 3430 989 3491 iu·

61 3523 84 3564 ι.
97 3525 154 3572 urvr
169 3531 244 3574 raas
259 3517 296 3575 V.
746 3525 778 3576 1⁷
