2364 3862
190 205 304 266 LIBER
317 204 421 264 XLIV.
445 204 528 264 CAP.
544 212 643 266 17.18.
668 211 704 276 [a.
717 210 750 262 c.
764 211 824 279 169]
937 203 1000 268 225

39 357 147 431 tumuit,
174 362 204 415 et
225 355 345 416 coniitia
365 370 403 415 eo
425 355 475 415 die
497 355 549 431 qui
570 355 670 416 dietus
691 364 756 418 erat
770 365 842 419 sunt
856 358 1001 433 perlecta.

40 441 166 504 eonsules
182 440 274 500 creati
287 440 321 498 L.
336 438 483 498 Aemilius
497 438 610 501 Paulus
624 439 742 514 iterum,
759 448 867 517 quarto
881 441 1002 506 decimo

41 541 106 586 anno
120 530 280 600 postquam
296 522 394 598 primo
411 522 519 583 consul
534 525 647 598 iuerat,
670 530 700 584 et
718 524 748 592 (l.
764 524 899 586 Licinius
915 525 1003 586 cras·

41 625 93 671 sus.
120 615 275 683 praetores
296 614 421 682 postero
443 607 492 666 die
513 606 583 667 iacti
606 608 658 668 cu.
679 607 812 669 Baebius
827 607 1003 684 Tamphilus

40 692 67 752 t.
82 693 201 752 Anicius
224 691 327 751 Gallus
355 691 406 751 Cn.
430 689 572 751 Octavius
596 689 627 750 P.
648 691 795 753 Fonteius
820 693 936 753 Balbus
961 691 1002 752 Μ.

42 775 170 836 nebulus
190 775 288 836 Helva
310 775 341 834 C.
361 773 500 849 Papirius
521 773 629 835 carbo.
666 775 767 836 omnia
793 779 827 836 nt
854 774 1002 837 maturius

41 867 194 934 agerentur,
216 858 287 918 belli
305 857 497 918 Macedonici
519 858 693 919 stimulabat
713 875 794 920 eura.
827 860 931 936 itaque
951 860 1003 920 de-

42 943 156 1018 signatos
172 944 326 1018 extemplo
343 941 443 1002 sortiri
461 942 576 1017 placuit
596 942 787 1019 provincias,
809 950 842 1004 ut
860 944 919 1006 utri
939 943 1003 1003 Ma-

42 1027 151 1099 cedonia
164 1026 284 1088 consuli
299 1024 411 1100 cuique
426 1026 560 1101 praetori
583 1025 692 1087 classis
713 1026 851 1088 venisset
865 1027 1001 1102 sciretur,

43 1110 128 1170 utiam
142 1110 212 1171 inde
227 1111 397 1186 cogitarent
410 1118 615 1185 pararentque
627 1125 707 1186 quae
717 1110 799 1171 bello
810 1110 879 1171 usui
896 1111 1004 1184 rorent,

43 1201 223 1270 senatumque
244 1194 456 1268 consulerent,
478 1193 505 1254 si
527 1209 589 1268 qua
608 1195 799 1254 reconsuite
815 1209 894 1270 opus
910 1201 1003 1253 esset

42 1275 157 1354 latinas,
184 1278 236 1338 ubi
257 1278 466 1352 magistratum
487 1278 631 1352 inissent,
660 1277 744 1353 quod
763 1294 820 1354 per
839 1276 1003 1353 religiones

42 1370 143 1437 posset,
164 1361 265 1438 primo
282 1377 406 1438 quoque
420 1367 560 1438 tempore
574 1361 641 1421 fleri
656 1363 793 1438 placere,
815 1376 918 1437 neque
932 1377 1004 1422 con-

43 1447 120 1506 sulem
135 1446 181 1506 cui
203 1446 339 1507 eundum
358 1445 388 1505 ln
403 1443 615 1506 Macedoniarn
636 1451 720 1506 esset
741 1443 846 1507 teneri.
882 1445 930 1505 his
951 1445 1003 1506 de·

44 1531 116 1589 eretis
131 1530 310 1591 consulibus
324 1529 411 1590 Italia
426 1535 455 1587 et
468 1526 658 1605 Macedonia,
674 1525 866 1605 praetoribus
884 1537 1005 1604 praeter

44 1611 105 1673 duas
119 1614 344 1674 iurisdictiones
365 1613 395 1672 in
413 1612 490 1672 urbe
511 1614 620 1674 elassis
638 1620 669 1674 ct
681 1609 832 1688 Hispania
849 1621 879 1674 et
901 1612 1004 1674 Sicilia

42 1702 65 1754 et
76 1695 203 1758 Sardinia
214 1697 394 1773 provinciae
409 1695 581 1757 nominatae
595 1703 676 1758 sunt.
699 1699 858 1757 consulum
873 1696 1004 1758 Aemilio

43 1776 215 1854 Macedonia,
241 1781 359 1841 Licinio
380 1780 464 1840 Italia
485 1780 593 1840 evenit.
628 1786 785 1854 praetores
802 1780 855 1839 Cn.
868 1779 1002 1840 Baebius

44 1863 181 1940 urbanam,
201 1866 236 1925 L.
258 1865 386 1926 Anicius
407 1862 599 1940 peregrinam
619 1871 649 1924 et
670 1863 697 1924 si
715 1879 777 1940 quo
793 1870 918 1925 senatus
933 1878 1002 1923 eeu-

17 1951 19 2018 t
45 1945 150 2025 suisset,
177 1951 230 2010 cn.
254 1947 398 2008 Octavius
426 1948 571 2022 classem,
593 1947 626 2006 P.
647 1946 793 2008 Fonteius
814 1946 1004 2021 llispaniam,

18 2025 20 2116 l
46 2029 76 2087 lt.
93 2032 223 2095 Aebutius
245 2033 388 2107 Siciliam,
410 2033 441 2092 C.
456 2031 597 2106 Papirius
618 2030 789 2092 Sardiniam
804 2039 851 2091 est
865 2030 1001 2091 sortitus.

109 2113 211 2177 xviii.
243 2115 405 2190 Extemplo
426 2116 568 2190 apparuit
589 2115 730 2176 omnibus
747 2131 808 2178 non
826 2116 959 2191 segniter
973 2114 1003 2174 id

47 2193 134 2258 belum
152 2200 185 2260 L.
200 2199 366 2261 Aemilium
387 2206 559 2274 gesturum,
587 2206 800 2276 praeterquam
822 2199 905 2276 quod
927 2199 1004 2259 alius

46 2276 81 2338 vir
92 2292 157 2359 erat,
171 2284 263 2347 etiam
278 2283 360 2359 quod
376 2283 442 2344 dies
458 2288 629 2359 noctesque
639 2284 772 2345 intentus
784 2301 821 2345 ea
832 2285 908 2360 epla,
926 2298 1005 2359 quac

22 2443 23 2447 Ἰ
47 2363 75 2422 ad
94 2365 121 2426 id
139 2368 252 2430 bellurn
273 2366 473 2444 pertinerent,
496 2366 596 2429 animo
619 2366 761 2444 agitabat.
796 2367 856 2428 iam
872 2366 1005 2430 omnium

48 2446 154 2519 primum
164 2468 182 2513 a
193 2460 304 2514 senatu
316 2449 399 2528 petit,
414 2458 448 2512 ut
461 2453 580 2526 legatos
591 2450 842 2513 inMacedoniam
855 2449 1007 2512 mitterent

24 2587 26 2620 r
49 2530 232 2600 adexereitus
246 2536 396 2597 uisendos
410 2537 606 2610 classemque
621 2543 650 2596 et
665 2541 821 2610 comperta
834 2535 1006 2608 referenda,

25 2635 27 2696 4
49 2614 104 2686 quid
126 2629 175 2682 aut
199 2619 396 2681 terrestribus
421 2627 474 2680 aut
497 2620 658 2680 navalibus
683 2618 781 2693 copiis
803 2633 884 2692 opus
906 2625 1006 2688 esset;

26 2749 27 2778 Ξ
49 2708 182 2769 praeterea
195 2711 230 2766 ut
245 2706 441 2778 explorarent
453 2704 561 2782 copias
575 2705 692 2779 regias,
709 2708 854 2778 quantum
869 2708 1006 2777 possent,

50 2796 148 2860 ltaque
162 2785 323 2864 provincia
337 2796 451 2864 nostra,
468 2804 528 2865 qua
543 2787 677 2849 hostiurn
693 2788 786 2859 loret;
807 2793 908 2848 utrum
928 2784 1006 2848 intra

51 2866 125 2929 saltus
137 2880 235 2934 castra
250 2871 379 2933 Romani
393 2873 556 2947 haberent,
576 2890 615 2932 an
637 2873 696 2932 iarn
717 2885 824 2933 omnes
846 2870 1006 2946 angustiae

51 2959 243 3032 exsuperatas,
270 2964 300 3017 et
320 2955 350 3017 in
372 2973 471 3032 aequa
488 2959 558 3017 loca
573 2955 803 3034 pervenissent;
826 2952 879 3031 qui
898 2955 1006 3016 iideles

53 3032 120 3094 nobis
133 3039 223 3116 socii,
246 3039 299 3114 qui
314 3040 397 3101 dubii
413 3056 649 3118 suspensaeque
665 3057 704 3101 ex
719 3043 841 3102 iortuua
855 3036 937 3114 fidei,
955 3038 1006 3115 qui
1040 3091 1042 3095 ,

53 3117 107 3176 certi
117 3119 220 3184 hostes
234 3123 427 3195 riderentur3
450 3123 554 3202 quanti
568 3125 742 3201 praeparati
758 3129 957 3198 commeatus,
978 3129 1009 3182 et

50 3200 115 3261 unde
123 3206 253 3268 terrestri
267 3207 384 3283 itinere,
401 3209 481 3268 unde
495 3208 624 3272 nautas
640 3214 911 3285 supponerentur,
935 3204 1007 3278 quid

50 3292 82 3338 ta
92 3296 196 3350 aestate
211 3298 291 3352 terra
311 3293 450 3369 marique
469 3307 570 3353 rerum
593 3301 749 3368 gestarunt
772 3297 871 3352 esset:
895 3305 934 3348 ex
959 3286 1008 3346 his

53 3357 113 3452 bene
126 3372 250 3454 cognitis
266 3377 392 3438 certain
408 3377 541 3438 laturum
558 3375 688 3438 consilia
703 3376 773 3451 capi
788 3388 895 3449 posse.
918 3386 1007 3430 sena-

54 3448 144 3512 tuscn.
158 3455 286 3520 Servilio
302 3460 421 3522 consuli
436 3458 589 3536 negotium
605 3459 704 3534 dedit,
725 3464 758 3517 nt
774 3455 802 3517 is
818 3455 849 3514 in
864 3453 1012 3513 Macedo«

85 3548 106 3590 t.
124 3553 180 3598 nrvr
202 3558 277 3603 naas
299 3546 337 3603 V.
768 3545 801 3597 15
