2368 3858
179 221 241 284 eet
338 223 452 282 umus
466 221 556 281 xtv.
580 221 662 280 cnr.
676 208 721 282 ¹40.
733 229 776 282 41.
800 221 837 298 p.
852 226 887 278 u.
903 243 926 278 ο.
942 222 1002 298 aas]

182 387 285 456 patum
308 378 445 447 tradunt3
472 391 574 451 eoque
595 373 625 432 id
647 371 814 433 mirabilius
839 380 918 447 erat,
946 373 1029 448 quod
1043 379 1142 433 tantun
1175 419 1176 444 p

182 463 332 539 pecuniae
351 462 430 522 intra
449 459 571 534 triginta
592 473 690 518 annos
711 462 782 532 post
808 457 920 516 bellum
941 456 1067 531 Philippi
1086 473 1143 516 oum

179 547 325 608 Romanis
341 544 449 620 partim
465 559 504 603 ex
521 544 620 602 iruclu
634 542 834 614 metallorum,
849 542 959 615 partim
974 557 1013 599 ex
1028 541 1143 614 vectiga·
1174 533 1176 626 l

179 630 260 690 libus
286 629 352 690 aliis
380 633 592 688 coacervatum
617 626 725 685 luerat.
757 625 861 700 itaque
881 624 1047 685 admodum
1068 625 1143 699 inops
1175 631 1176 686 i

179 715 331 788 pecuniae
341 712 512 786 Philippus,
524 710 655 769 Perseus
666 715 771 768 contra
783 709 947 783 praedives
962 709 1077 768 bellare
1088 723 1143 767 cun

178 797 327 857 Romanis
344 795 454 870 coepit
479 795 548 869 ipse
562 800 720 868 postremo
734 792 846 853 Paulus
860 792 890 852 in
906 807 1006 866 curru,
1021 806 1143 866 magnam
1175 795 1176 806 ³

181 896 250 940 cum
267 879 413 953 dignitate
434 879 493 938 alia
515 877 655 953 corporis
671 884 734 938 tum
749 883 875 938 senecta
888 877 957 952 ipsa
972 877 1144 936 maiestatem

179 979 255 1038 prae
280 978 315 1022 se
336 964 456 1032 ierens;
484 969 557 1037 post
579 977 701 1021 currum
724 961 801 1022 inter
821 960 899 1021 alios
921 961 1057 1020 illustres
1078 958 1144 1018 viros

179 1047 232 1106 filii
248 1047 320 1122 duo,
337 1047 370 1120 Q.
386 1046 538 1106 Maximus
553 1052 583 1106 el
597 1046 629 1104 P.
646 1044 766 1119 Scipio;
790 1045 902 1104 deinde
913 1045 1035 1118 equites
1051 1051 1144 1104 turma·

179 1133 231 1190 tim
247 1140 277 1191 et
291 1131 434 1192 cohortes
451 1131 585 1205 peditum
601 1129 666 1190 suis
680 1143 822 1204 quaeque
834 1127 1004 1188 ordinibus.
1027 1125 1115 1203 pediti
1122 1126 1145 1184 iu

180 1215 318 1290 singulos
340 1216 401 1276 dati
422 1212 539 1273 denarii
560 1213 694 1284 centeni,
718 1212 834 1288 duplex
847 1213 1031 1286 centurioni,
1052 1213 1145 1286 tmplec

180 1297 284 1373 equiti.
307 1306 423 1359 tantum
439 1298 534 1373 pediti
549 1297 689 1357 daturum
704 1295 801 1357 luisse
816 1297 953 1371 credunt,
976 1305 1007 1356 et
1022 1298 1145 1370 prorata

181 1383 257 1453 aliis,
274 1382 300 1441 si
313 1389 367 1443 aut
380 1399 440 1442 non
456 1380 600 1456 refragati
612 1380 720 1441 honori
733 1382 800 1441 eius
812 1379 950 1455 luissent,
967 1387 1022 1440 aut
1033 1379 1146 1452 benigne

180 1465 238 1525 hnc
252 1465 322 1540 ipsa
339 1481 458 1525 summa
473 1465 668 1539 pronuntiato
683 1466 914 1524 acclamassent.

265 1547 328 1608 Sed
349 1565 410 1608 non
430 1548 561 1609 Perseus
576 1556 690 1608 tantum
706 1564 762 1623 per
775 1547 845 1608 illos
861 1547 928 1608 dies
944 1548 1147 1607 documentum

180 1645 382 1692 cumanorum
398 1649 526 1693 casuum
541 1634 611 1707 luit,
632 1634 662 1692 in
680 1633 794 1692 catenis
810 1640 881 1692 ante
896 1647 1021 1691 currum
1037 1628 1148 1690 victoris

180 1715 268 1777 ducis
283 1733 339 1792 per
354 1718 459 1777 urbem
474 1717 607 1778 hostium
622 1716 743 1790 ductus,
760 1717 815 1776 sed
829 1716 917 1776 etiam
930 1715 1031 1776 victor
1041 1713 1147 1784 Paulus,

180 1815 255 1860 auro
272 1817 471 1876 purpuraque
485 1803 615 1876 fulgens.
638 1816 708 1859 nam
723 1798 846 1860 duobus
861 1815 879 1858 e
893 1797 975 1873 filiis,
991 1814 1076 1873 quos
1088 1797 1147 1856 duo·

181 1881 238 1943 bus
254 1884 332 1944 datis
347 1885 378 1945 in
393 1885 589 1958 adoptionem
604 1885 689 1943 solos
701 1882 832 1943 nominis
844 1897 1003 1943 sacrorum
1017 1881 1149 1940 familiae

182 1982 242 2042 que
267 1968 398 2027 heredes
422 1968 588 2028 retinuerat
614 1967 712 2040 domi,
738 1967 853 2036 minor,
880 1967 977 2024 ferme
999 1964 1148 2026 duodecin

181 2066 279 2109 annos
293 2059 391 2124 natus,
406 2052 542 2127 quinque
556 2051 664 2112 diebus
677 2058 746 2110 ante
757 2049 950 2125 triumphum,
962 2049 1064 2108 maior
1077 2052 1150 2123 quat-

181 2132 347 2191 tuordecim
360 2148 509 2193 annorum
525 2135 622 2195 triduo
636 2142 707 2210 post
717 2134 902 2208 triumphum
914 2132 1070 2202 decessit;
1083 2143 1149 2207 quos

181 2222 389 2288 praetextatos
416 2232 507 2277 curru
532 2217 601 2276 vehi
628 2235 696 2278 oum
720 2225 823 2293 patre,
848 2215 908 2278 sibi
933 2217 1022 2290 ipsos
1045 2215 1150 2276 similes

181 2296 444 2373 praedestinantes
466 2299 651 2375 triumphos,
677 2307 862 2377 oportuerat.
884 2300 994 2376 paucis
1010 2307 1086 2375 post
1099 2299 1151 2358 die·

179 2381 254 2455 bus,
278 2383 348 2440 dala
363 2399 382 2442 a
395 2383 435 2442 Μ.
451 2387 586 2446 Antonio
601 2387 721 2445 tribuno
737 2385 836 2461 plebis
852 2384 1013 2457 contione,
1040 2399 1109 2443 cum
1121 2381 1151 2441 dc

180 2463 245 2524 suis
259 2466 352 2526 rebus
368 2467 464 2541 gestis
480 2485 565 2528 more
579 2478 751 2530 ceterorum
766 2469 984 2544 imperatorum
996 2465 1152 2528 disseruis-

181 2557 241 2621 set,
264 2552 470 2612 memorabllis
491 2553 557 2614 eius
579 2553 675 2613 oratio
697 2559 727 2612 et
747 2553 839 2627 digna
855 2553 997 2611 Romano
1021 2549 1152 2625 principe

180 2632 242 2692 luit
268 2633 342 2693 XLI.
362 2653 568 2712 „quamquam
589 2645 619 2696 et
634 2644 747 2712 quanta
767 2636 910 2696 felicitate
923 2651 988 2695 rem
1005 2635 1152 2710 publicam

179 2717 467 2792 administraverim‚
491 2729 521 2780 et
538 2737 617 2795 quae
633 2721 694 2782 duo
711 2719 835 2780 lulmina
851 2720 976 2778 domum
990 2735 1091 2777 meam
1104 2730 1153 2793 per
1174 2729 1176 2770 l

180 2800 236 2859 bos
253 2801 320 2860 dies
336 2805 536 2876 perculerint,
559 2821 620 2864 non
643 2804 783 2879 ignorare
796 2821 853 2864 vos
870 2803 1002 2876 Quirites
1019 2803 1151 2870 arbitror,
1174 2777 1176 2888 i

180 2898 246 2940 cum
264 2888 477 2956 spectaculo
456 2887 547 2947 tobis
563 2905 643 2948 nunc
660 2887 830 2962 triumphus
841 2903 939 2959 meus,
956 2902 1039 2946 nunc
1052 2887 1152 2946 lunera
1175 2935 1176 2942 t

178 2965 342 3027 liberorum
363 2985 498 3030 meorum
521 2971 646 3046 luerint,
669 2979 768 3030 tamen
791 2971 897 3046 paucis
913 2985 1034 3046 quaeso
1052 2967 1150 3029 sinatis

178 3063 226 3106 me
242 3064 310 3108 cum
327 3053 449 3124 publica
464 3053 606 3115 felicitate
622 3071 800 3129 comparare
815 3070 852 3113 eo
869 3069 931 3129 quo
944 3054 1046 3113 debeo
1060 3053 1151 3111 animo
1175 3115 1176 3120 γ

180 3133 327 3206 privatam
348 3151 448 3197 meam
470 3139 630 3200 fortunam
660 3140 816 3212 proiectus
837 3153 877 3196 ex
891 3137 978 3195 ltalia
994 3138 1153 3196 classema

177 3217 340 3280 Brundisio
363 3223 429 3282 sole
451 3230 517 3282 orto
533 3223 626 3296 solvi,
649 3238 728 3282 nona
750 3221 809 3280 diei
830 3221 908 3280 hora
929 3234 1000 3280 oum
1018 3219 1153 3278 omnibus
1174 3235 1176 3248 ¹

178 3302 252 3361 meis
275 3304 404 3365 navibus
426 3306 592 3383 Corcyram
611 3306 704 3366 tenui.
736 3304 808 3364 inde
830 3304 934 3378 quinto
958 3303 1010 3362 die
1032 3297 1153 3376 Delphis
1175 3295 1176 3364 ξ

177 3385 311 3456 Apollini
328 3404 383 3460 pro
399 3406 447 3448 me
460 3390 707 3485 exercitibusque
722 3395 752 3447 et
767 3386 919 3446 classibus
934 3387 1050 3447 vestris
1067 3382 1176 3444 sacri

178 3461 275 3524 boavi.
300 3485 318 3527 a
337 3471 463 3546 Delphis
487 3481 571 3546 qum
573 3489 590 3531 o
560 3471 684 3531 tdie
678 3488 707 3529 m
724 3476 823 3529 castra
837 3467 982 3542 perveni;
1002 3467 1058 3529 ubi
1072 3479 1176 3527 exer
