2368 3858
429 223 637 274 minumum.
868 281 879 302 .
969 241 1027 287 xm

38 380 98 430 niis.
129 375 266 443 Significat·
281 383 366 426 autem
384 375 418 425 M.
432 375 578 428 Ciceronem
597 383 622 426 ct
640 375 666 426 G.
681 375 824 436 Caesarem,
839 393 946 440 quorum
965 377 1028 430 altor

40 447 148 512 laudes,
177 445 240 494 alter
261 444 461 509 vituperationes
483 459 562 510 supra
583 446 645 496 ‹licti
666 446 769 512 scripsit
791 446 847 496 riri.
879 447 1025 512 Hieronpm.

39 517 113 566 Prol.
133 513 177 564 lib.
197 512 235 562 II.
256 515 282 562 in
300 513 421 563 Boream.

405 577 484 630 *Em
502 582 543 631 lit.
563 582 663 633 CXVI.

91 656 128 709 44)
139 635 195 700 Ἠν
209 639 260 714 γάρ
273 665 300 698 τι
315 647 348 728 τῇ
358 649 502 714 Καισαρος
511 643 588 718 οἰκίᾳ
602 647 813 715 προσκείμενον,
824 643 887 700 οἷον
900 641 948 700 ἐπὶ
962 644 1027 702 ιιόσ·

40 735 82 788 μμ
93 713 144 768 καὶ
155 712 301 782 σεμνότητι
309 733 359 782 της
368 715 470 786 βουλῆς
479 717 680 784 ψηφισαμένης
688 709 875 784 αἰιρωιήριον,
885 712 922 778 οἱς
929 719 1027 789 Λίβιος

41 783 159 851 ἱστορεῖ.
177 785 267 836 Τοῦτο
281 779 349 852 ὄναρ
365 787 578 852 quotacunque
591 783 752 852 θεασαμένη
762 781 941 855 ιιαιαρρηγνύ
961 803 1027 839 ενον

40 853 121 920 ἔδοξε
138 854 312 906 ποτνιᾶσθαι
330 853 378 907 καὶ
396 848 540 921 δακρύειν·
559 849 663 922 ἡμέρας
673 849 698 908 6⁴
706 841 758 908 οὖν
774 854 924 924 γενομένης
937 804 1027 910 iisne

40 925 90 976 τοῦ
103 923 258 988 Καίσαρος,
275 919 302 975 εἰ
315 917 366 988 μὲν
383 916 446 975 οἷόν
459 939 501 986 ιι,
515 916 553 990 μὴ
573 926 740 992 προελθεῖν,
759 919 818 976 oiii'
834 919 1027 996 ἀναβαλέσθαι

40 985 276 1117 ιὴιὶγσύγκληιον.
302 995 430 1044 Plutarch.
452 995 524 1046 Caes.
544 1011 600 1060 eap-
617 995 660 1049 63.
680 998 719 1062 Of.
733 996 884 1048 filetum.
900 997 1024 1061 Supplem.

41 1082 61 1116 o.
119 1101 125 1114 .

93 1139 129 1189 47)
151 1131 246 1182 Malum
260 1146 333 1182 omen
345 1139 392 1191 est,
411 1133 528 1195 quotiens
539 1133 634 1194 Aetna·
648 1148 721 1183 mons
734 1132 845 1194 Siclliae,
857 1149 908 1184 nou
920 1134 1027 1192 furuum,

1 1232 3 1236 >
42 1203 90 1252 sed
100 1203 261 1252 flammarum
276 1201 357 1266 egerit
367 1200 473 1266 globos:
494 1208 526 1264 et,
541 1207 569 1251 ut
584 1202 645 1252 dicit
653 1203 749 1262 Livius,
768 1211 837 1254 teuta
853 1203 955 1252 flamma
970 1210 1027 1252 ante

1 1278 2 1291 ³
43 1277 153 1331 mortem
172 1269 287 1321 Caesaris
310 1285 344 1318 ex
360 1271 443 1319 Aetna
457 1277 541 1318 monte
560 1268 677 1331 delinxit,
704 1279 732 1320 ut
749 1287 800 1322 non
816 1279 912 1322 tautum
929 1272 1028 1320 vicinae

43 1341 135 1399 urbes,
160 1338 206 1390 sed
228 1339 304 1388 etiam
321 1337 420 1402 Regina
437 1337 544 1401 civitas‚'
565 1353 630 1401 quae
647 1339 725 1390 multo
743 1342 826 1406 spatio
845 1341 877 1391 ab
896 1353 927 1390 ea
943 1339 1027 1398 distat,

1 1408 3 1464 l
45 1409 190 1458 adllaretur.
218 1406 290 1457 Sero.
310 1407 347 1456 od
367 1407 457 1472 Virpil.
476 1407 567 1471 Georq.
587 1405 688 1474 asir.

1 1474 2 1486 ¹
95 1483 132 1533 48)
153 1476 227 1536 Quod
244 1477 277 1526 de
293 1473 400 1526 Caesare
416 1477 511 1526 maiore
525 1476 603 1542 vulgo
621 1478 762 1528 dictionum
781 1485 827 1538 est,
844 1486 869 1527 et
879 1493 902 1528 ‘a
915 1479 944 1528 T.
955 1478 1027 1528 Livio

1 1542 3 1610 l
43 1547 173 1611 positum,
196 1547 223 1594 ia
238 1546 333 1594 incerto
352 1559 408 1596 esse
426 1552 510 1594 ulrum
527 1544 597 1596 illum
613 1547 695 1614 magis
713 1548 785 1600 nasci
799 1547 952 1612 reipublicae
969 1562 1027 1612 pro·

1 1626 2 1681 ζ
45 1615 130 1676 inerit,
145 1629 178 1664 an
191 1630 241 1664 nou
253 1614 395 1676 ποινὴ-οἱοί
407 1615 483 1663 etium
494 1613 526 1662 (le
537 1615 619 1665 ventis
633 1623 724 1680 potest.
742 1614 841 1674 Seneca
852 1617 912 1666 Not.
925 1617 1026 1678 Qaaest,

1 1689 2 1738 l
49 1684 84 1744 V,
98 1681 141 1735 18.
171 1683 212 1747 Of.
225 1681 377 1734 stentem.
390 1681 514 1745 Supplem
529 1697 588 1746 cop.
603 1683 661 1736 116.

1 1807 2 1810 ,
409 1759 455 1810 Eoo
471 1759 514 1810 lib.
536 1760 666 1811 CXVIII.

1 1853 2 1873 1
96 1832 131 1884 49)
150 1827 281 1877 Adversus
298 1828 471 1878 interfectores
490 1827 517 1878 G.
532 1827 647 1878 Caesaris
664 1826 789 1877 ultoribus
806 1840 908 1875 manum
927 1840 1029 1890 compa·
1091 1844 1094 1848 ·

1 1919 2 1938 2
49 1909 105 1944 rans
129 1895 252 1946 concibat.
284 1899 410 1948 Priscian.
431 1897 474 1948 lib.
494 1896 545 1946 IX.
569 1912 597 1960 p.
615 1894 676 1948 865.
701 1895 742 1946 ed.
760 1894 861 1944 Puteola.
886 1894 944 1945 Vol.
961 1894 984 1943 I.
1000 1907 1028 1956 p.

1 1964 3 2037 ᾗ
47 1960 275 2015 458.ed.urss1.
419 2031 558 2084 *Eoemh
576 2033 658 2082 CXX.

1 2053 3 2131 ἱ
98 2107 132 2158 5⁰)
153 2103 188 2154 M.
208 2101 294 2153 Cicero
316 2103 363 2153 sub
387 2103 524 2153 adventum
546 2102 735 2153 triumvirorum
757 2109 866 2152 cesserat
883 2077 959 2162 urbi,
983 2116 1029 2166 pro

51 2179 115 2220 certo
133 2169 240 2232 habens,
259 2172 285 2221 id
304 2171 451 2234 quoderat,
467 2171 610 2236 nonmagis
623 2172 734 2221 Antonio
747 2170 810 2235 eripi
823 2186 861 2232 se,
881 2185 957 2235 quam
969 2169 1030 2221 Cae-

51 2240 99 2294 sari
116 2237 232 2291 Cassium
251 2247 276 2290 et
292 2239 410 2300 Brutum,
427 2255 511 2305 posse.
541 2242 623 2306 primo
640 2242 667 2291 iu
686 2239 856 2291 Tusculanum
874 2239 954 2306 sugit,
971 2240 1030 2289 inde

1 2311 2 2375 ᾖ
50 2311 204 2358 transversis
220 2309 351 2358 itineribus
370 2310 590 2369 intermissum,
609 2317 638 2358 ut
653 2312 685 2360 ab
702 2309 790 2360 Caieta
806 2309 892 2360 navim
909 2323 1031 2358 conscen-

1 2417 2 2444 3
52 2391 134 2442 sums,
152 2377 328 2442 proficiscitur.
352 2380 420 2428 uude
438 2380 589 2442 aliquotiens
600 2379 627 2428 iu
638 2379 718 2428 altum
728 2386 876 2444 provectum
889 2393 945 2427 cum
954 2377 1030 2426 modo

1 2489 3 2510 ᾗ
52 2447 118 2494 venti
136 2446 238 2496 adversi
255 2447 415 2508 retulissent,
440 2447 516 2498 modo
533 2448 588 2513 lpse
606 2449 767 2498 lunationem
782 2448 869 2507 navis,
888 2461 962 2496 caeco
979 2445 1032 2493 vol-

1 2523 3 2587 t
53 2521 125 2564 vente
142 2515 229 2575 linctu,
246 2516 300 2581 pull
319 2531 369 2565 non
385 2524 481 2582 posset,
498 2517 611 2566 taedium
628 2517 730 2566 tandem
749 2523 844 2565 sumet
861 2513 938 2578 fugae
953 2521 978 2562 et
994 2514 1032 2561 vi-

1 2602 2 2632 r
53 2590 93 2632 tae
115 2584 197 2648 cepit:
220 2599 403 2650 regressusque
426 2587 460 2635 ed
481 2585 640 2650 superiorem
663 2583 766 2643 villam,
787 2597 852 2645 quae
876 2581 953 2648 paulo
973 2579 1032 2644 plus

54 2651 120 2700 mille
135 2653 256 2716 passibus
275 2669 290 2702 u
306 2655 371 2703 mari
390 2654 476 2714 abest,
492 2653 608 2713 Moriar,
628 2654 718 2718 iuquit,
737 2653 764 2702 ιἰι
778 2653 868 2713 patria
885 2663 962 2712 saepe
979 2665 1033 2699 eer-

54 2727 118 2769 octo.
144 2721 206 2770 satis
224 2731 323 2772 constat
339 2737 427 2773 servos
446 2722 545 2773 fortiter
560 2721 718 2785 fideliterque
736 2727 838 2785 paratos
855 2717 935 2769 fuisse
951 2719 983 2768 ad
995 2719 1033 2768 di-

1 2787 2 2855 ]
55 2789 210 2852 micandum3
234 2791 319 2856 ipsum
338 2792 431 2857 deponi
448 2791 572 2852 lecticam,
590 2798 615 2842 et
632 2792 733 2854 quietos
750 2789 812 2854 pati,
831 2789 900 2852 qnod
916 2803 971 2838 sors
985 2788 1034 2836 ini·

1 2857 2 2860 ’
57 2871 103 2919 qua
118 2865 229 2924 cogeret,
246 2861 362 2910 iussisse.
390 2861 544 2925 prominenti
557 2875 589 2910 ex
605 2860 696 2911 lectica
707 2859 890 2926 praebentique
901 2860 1033 2906 immotam

57 2927 174 2976 cervicem
194 2937 272 2991 capnt
293 2930 437 2994 praecisum
456 2937 501 2978 est.
532 2943 579 2979 neo
592 2930 655 2979 sutis
680 2927 788 2980 stolidae
811 2927 950 2978 crudelitati
969 2927 1034 2976 mill-

56 3001 106 3042 tum
123 2995 179 3046 init.
215 3011 306 3048 manus
329 3014 443 3062 quoque,
470 2998 603 3062 scripsisse
624 2999 652 3048 in
670 2998 808 3048 Antonium
832 2996 929 3061 aliquid
945 3012 1034 3062 exprc-
1114 3028 1117 3031 -

58 3062 167 3124 lirantes,
192 3065 378 3129 praeciderunt.
412 3068 447 3116 ita
464 3067 571 3116 relatum
594 3074 671 3132 ceput
688 3067 721 3117 ad
736 3067 888 3128 Antonium,
913 3067 1034 3128 iussuque

58 3131 107 3182 eius
123 3133 189 3183 iuter
202 3134 268 3185 dues
285 3150 375 3185 munus
386 3135 414 3184 in
427 3136 527 3184 Rostris
538 3136 664 3200 positum
683 3136 727 3186 nbi
739 3135 782 3184 ille
794 3136 891 3195 consul,
904 3135 948 3184 ubi
958 3147 1034 3196 saepe

58 3201 203 3263 consularis,
223 3205 267 3254 ubi
285 3220 316 3254 eo
335 3205 391 3270 ipso
409 3219 476 3254 anuo
491 3204 613 3254 adversus
624 3205 771 3265 Antonium,
791 3213 886 3268 quauta
897 3203 967 3253 nulla
980 3216 1035 3250 um-

59 3283 127 3332 quam
142 3270 255 3322 hnmana
272 3289 331 3333 vox,
351 3289 407 3323 cum
422 3272 587 3323 admiratione
598 3275 756 3336 eloquentiae
768 3274 870 3324 auditus
883 3272 973 3322 iuerat.
991 3270 1035 3316 vix

59 3339 196 3390 attollentes
220 3356 283 3407 prae
299 3343 411 3394 lacrimis
430 3339 517 3391 oculos
535 3341 650 3392 homines
669 3343 761 3393 intueri
778 3341 904 3391 trucidata
922 3338 1035 3388 membra

59 3406 107 3457 eius
122 3416 250 3474 poterant.
284 3412 348 3461 vixit
363 3420 414 3461 tres
432 3417 457 3460 et
472 3411 605 3475 sexaginta
621 3425 715 3472 anuos,
741 3418 781 3469 ut,
806 3409 884 3459 siris
903 3406 1034 3468 abfuisset,
1077 3449 1078 3452 ,

59 3489 86 3526 ue
101 3478 236 3529 immatura
258 3481 361 3542 quidem
379 3493 448 3530 mors
470 3479 551 3529 videri
568 3481 662 3544 possit:
685 3479 817 3546 ingenium
835 3485 859 3527 el
878 3475 995 3541 operibus
1012 3481 1037 3522 et
