2424 3872
155 201 198 268 44
299 199 414 261 LIBER
424 197 555 259 XXXIX.
576 195 658 256 CAP-
670 203 713 258 lt.
724 202 769 257 48.
790 199 826 267 [a.
838 195 872 250 U.
885 213 909 254 r.
923 190 985 266 569]

151 360 209 420 bus
226 353 471 419 commentarium
487 367 504 410 a
525 356 610 426 patre
625 347 806 422 accepisset.
832 360 901 417 cum
915 340 1141 417 respondisset

150 442 311 517 accepisse
325 455 377 512 se,
392 436 466 496 nihil
481 436 566 510 prius
581 447 637 493 nec
651 431 754 507 potius
768 429 867 489 visum
883 433 930 486 est
945 440 1036 501 quam
1049 423 1139 498 regis

150 527 249 603 ipsius
271 525 310 584 de
330 520 459 595 singulis
484 532 636 592 responsa
659 515 809 589 accipere.
842 511 953 570 librum
974 507 1138 582 extemplo

150 612 375 687 poposcerunt,
390 602 501 663 deinde
516 608 549 660 ut
563 601 631 676 ipse
644 598 784 658 recitaret
803 594 1016 671 permiserunt.
1044 596 1140 650 erant

150 701 251 754 autem
266 691 305 750 de
321 686 450 762 singulis
467 684 559 744 rebus
574 685 603 744 in
623 684 718 742 breve
732 687 857 741 coactae
873 691 1000 749 causae,
1024 674 1139 734 utalia

151 778 263 837 fecisse
279 771 497 833 sesecundum
513 769 637 828 decreta
651 767 820 840 legatorum
835 762 965 831 diceret,
988 759 1050 818 alia
1070 775 1139 818 nou

151 875 207 936 per
221 875 256 918 se
271 856 408 925 stetisse,
426 867 487 929 quo
503 853 602 912 minus
618 851 745 920 laceret,
762 847 819 908 sed
834 861 889 921 per
903 860 959 904 eos
974 843 1065 917 ipsos
1082 841 1141 916 qui

152 947 341 1002 accusarent.
375 939 600 1012 interposuerat
619 939 649 993 et
670 932 811 1008 querelas
835 930 874 989 de
895 926 1055 1003 iniquitate
1082 925 1141 984 de

152 1032 319 1095 cretarum,
336 1030 366 1082 et
380 1037 471 1096 quam
487 1034 547 1079 non
563 1031 716 1090 exaequo
732 1015 935 1090 disceptatum
956 1010 1041 1086 apud
1060 1008 1142 1069 Cae-

152 1107 253 1168 cilium
269 1109 348 1168 toret
363 1104 549 1178 indigneque
564 1101 623 1161 sibi
639 1115 696 1160 nec
717 1100 779 1159 ullo
801 1113 859 1158 suo
881 1095 987 1155 merito
1007 1093 1142 1152 insulta-

151 1201 214 1252 tum
229 1191 267 1251 ab
282 1189 422 1251 omnibus
438 1193 530 1248 esset.
555 1185 612 1244 has
627 1190 716 1252 notas
728 1182 831 1242 irritati
848 1179 915 1240 eius
931 1177 1024 1239 animi
1040 1176 1139 1236 colle-

151 1275 195 1350 git
207 1281 347 1335 senatus:
367 1279 499 1332 ceterum
514 1269 573 1328 alia
588 1265 747 1327 excusanti
762 1264 880 1335 iuveni,
897 1263 957 1322 alia
972 1258 1144 1336 recipienti

154 1359 254 1418 lutura
268 1357 309 1418 ita
323 1363 357 1416 ut
380 1354 511 1414 maxime
535 1352 627 1411 veliet
651 1357 790 1422 senatuS,
815 1345 999 1422 responderi
1019 1344 1146 1420 placuit

153 1439 226 1499 nihil
242 1446 358 1514 patrem
374 1439 440 1497 eius
465 1450 565 1509 neque
590 1433 701 1492 rectius
723 1448 780 1492 nee
800 1432 898 1506 magis
914 1428 999 1505 quod
1019 1444 1061 1487 ex
1081 1443 1143 1486 vo·

152 1525 267 1584 luntate
282 1527 407 1582 senatus
422 1524 507 1579 esset
523 1518 649 1590 iecisse,
672 1533 764 1591 quam
788 1515 887 1592 quod,
913 1521 1081 1587 utcumque
1104 1526 1145 1570 ea

153 1610 241 1680 gesta
265 1610 383 1676 essent,
411 1617 465 1678 per
487 1600 671 1660 Demetrium
695 1599 789 1660 fillum
811 1597 955 1658 satisfieri
981 1595 1146 1655 voluisset

151 1687 309 1749 Romanis.
338 1687 431 1747 muita
445 1691 475 1746 et
492 1684 685 1745 dissimulare
709 1691 739 1742 et
763 1681 903 1743 oblivisci
924 1688 954 1739 et
969 1681 1032 1755 pati
1049 1694 1146 1754 prae-

153 1771 242 1830 terita
257 1778 396 1831 senatum
413 1784 523 1844 posse,
539 1774 569 1827 et
584 1767 709 1827 credere
730 1767 821 1826 etiam
835 1763 989 1824 Demetrio
1006 1763 1146 1822 ereden-

155 1855 228 1914 dum
246 1870 327 1916 esse.
359 1852 497 1913 obsidem
517 1852 597 1911 enirn
617 1847 652 1911 se
673 1851 805 1910 animum
834 1849 901 1908 eius
922 1846 1055 1918 habere,
1081 1845 1147 1905 etsi

155 1953 268 2014 eorpus
284 1937 362 2013 patri
376 1935 557 2006 reddiderit,
580 1941 610 1993 et
628 1934 722 2006 scire,
747 1939 893 2010 quantum
915 1931 1005 1991 salva
1026 1930 1060 1988 in
1085 1947 1146 2004 pa-

153 2029 230 2080 trem
245 2022 357 2096 pietate
372 2019 485 2094 possit,
502 2017 631 2077 amicum
648 2017 764 2092 populo
778 2017 917 2076 Romano
933 2029 1021 2084 esse,
1039 2013 1147 2074 hono·

154 2104 262 2176 risque
277 2103 343 2162 cius
363 2117 458 2160 eausa
472 2100 620 2160 missuros
636 2101 665 2158 in
680 2097 893 2160 Macedoniam
908 2099 1046 2172 legatos,
1064 2103 1103 2158 ut
1119 2095 1148 2156 si

156 2185 231 2260 quid
245 2186 344 2245 minus
360 2186 471 2244 laetum
492 2182 531 2242 sit
554 2199 644 2258 quam
666 2182 818 2257 debuerit,
838 2190 900 2243 tum
923 2195 1052 2255 quoque
1074 2180 1149 2240 sine

155 2267 279 2342 piaculo
294 2281 396 2327 rerum
417 2267 699 2340 praetermissarum
725 2266 787 2325 fiat.
814 2267 896 2326 velle
910 2264 1003 2325 etiam
1024 2264 1150 2324 sentire

154 2349 328 2426 Philippum
342 2350 459 2424 integra
473 2347 575 2409 omnia
588 2348 646 2409 sibi
662 2365 730 2408 cum
745 2350 860 2426 populo
872 2348 1013 2408 Romano
1029 2347 1150 2406 Deme·

155 2431 205 2492 trii
225 2433 279 2493 filii
299 2432 451 2492 beneficio
479 2448 560 2492 esse.
603 2433 734 2492 XLVlll.
757 2433 861 2506 haec‚.
874 2447 954 2506 quae
975 2430 1150 2505 augendae

156 2516 365 2591 amplitudinis
380 2515 446 2577 eius
461 2531 554 2576 causa
572 2516 650 2575 lacta
665 2522 758 2589 erant,
772 2515 926 2591 extemplo
939 2513 970 2574 in
982 2514 1149 2586 invidiam,

156 2613 231 2659 mox
246 2601 335 2661 etiam
349 2601 380 2660 in
395 2599 558 2676 perniciem
575 2598 762 2658 adolescenti
776 2605 942 2658 verterunt

240 2683 475 2745 Lacedaemonii
490 2681 600 2744 deinde
615 2681 778 2742 introducti
794 2688 873 2742 sunt.
902 2681 1017 2740 multae
1029 2684 1061 2739 et
1073 2696 1150 2755 par·

157 2765 247 2824 vulae
263 2767 503 2842 disceptationes
518 2765 722 2825 iactabantur=
750 2765 809 2825 sed
830 2779 911 2838 quae
925 2764 1063 2825 maxime
1077 2779 1151 2824 rem

158 2847 362 2923 continerent,
377 2855 464 2908 eraut
476 2854 576 2908 utrum
591 2849 819 2909 restituerentur
830 2863 910 2920 quos
921 2846 1043 2906 Achaei
1057 2846 1150 2906 dam·

158 2938 320 3005 neverant,
336 2947 392 2990 nec
408 2947 463 3001 ne;
480 2931 583 3006 inique
606 2948 644 2991 an
665 2933 730 2990 iure
750 2930 940 2991 occidissent
961 2945 1044 3004 quos
1061 2929 1152 2990 oeci-

159 3012 277 3074 dcrant.
305 3013 479 3076 vertebatur
497 3021 527 3074 et
541 3021 638 3076 utrum
653 3020 808 3074 manerent
829 3014 858 3072 in
880 3013 1020 3074 Achaico
1038 3013 1153 3074 eonci-

159 3094 200 3154 lio
219 3095 463 3171 Lacedaemonii,
481 3115 529 3171 an,
544 3103 578 3159 ut
592 3104 662 3158 ante
676 3099 782 3170 tuerat,
802 3104 957 3158 secretum
968 3096 1037 3157 eius
1051 3097 1151 3157 unius

159 3176 190 3235 in
204 3177 419 3258 Peloponneso
436 3182 566 3244 civitatis
580 3183 628 3242 ius
643 3189 735 3242 esset.
764 3179 883 3242 restitui
902 3179 1084 3254 iudiciaque
1101 3181 1150 3240 ta·

160 3267 209 3356 cta
221 3264 287 3324 tolli
301 3265 429 3341 placuit,
446 3266 708 3326 Lacedaemonem
722 3278 846 3325 manere
860 3264 891 3324 in
907 3263 1048 3324 Achaico
1070 3278 1150 3324 con-

161 3343 232 3488 esslig
246 3349 399 3492 {critique
413 3351 444 3411 id
460 3351 615 3411 decretum
630 3354 661 3408 et
670 3347 843 3422 consignari
855 3363 874 3407 a
885 3345 1152 3408 Lacedaemoniis

161 3441 177 3484 e
233 3447 249 3490 c
273 3433 348 3494 aeis.
