2424 3872
127 232 226 295 ttsslttt
237 229 298 298 xt.
316 233 398 295 cAP.
413 243 439 296 r.
454 243 481 295 r.
504 241 540 308 [a.
553 240 589 294 u.
605 259 629 295 e.
645 243 706 300 sto.
722 258 747 296 ι.
759 239 791 296 c.
809 243 871 310 rsa]
957 235 1000 300 tr

101 399 202 435 cessorem
216 387 287 452 regul
304 387 344 436 sui
361 386 510 450 relinquere,
526 371 529 380 ’
545 387 593 436 ced
621 387 648 436 ln
672 386 721 436 buc
741 389 895 452 cogitatione
919 397 1000 442 morte

98 464 168 519 ruptus
183 463 226 507 est.
258 469 364 521 regnum
380 455 487 506 Perseus
504 457 610 520 occepit

121 557 139 616 l.
157 556 300 634 Principio
314 557 504 634 insequentis
525 557 597 618 anni
619 559 764 619 consules
778 564 1000 635 praetoresque

45 641 132 700 tromti
141 641 305 716 provincias
319 649 400 704 sunt.
430 641 609 704 consulibus
623 641 707 702 nulla
726 649 848 718 praeter
861 641 999 717 Ligures,

62 737 118 796 quae
134 725 349 799 decerneretur,
371 733 446 786 erat
481 725 649 787 iurisdictio
671 727 788 788 urbana
808 725 850 786 ld
868 725 999 801 Ogulnio
1046 727 1049 736 “

62 805 135 883 Gallo,
153 807 223 870 iuter
240 810 422 886 peregrinos
442 809 484 870 Μ.
498 811 624 871 Valerio
645 811 761 884 evenit,
783 810 1000 886 Hispaniarum

60 887 179 960 blutvio
191 891 301 954 l'lacco
322 893 457 967 citerior,
478 893 510 953 P.
525 893 639 955 litanti·
656 894 795 968 ulterior,
817 894 851 955 L.
867 892 999 956 Caecilio

59 971 135 1033 deutri
153 973 263 1053 Sicilia,
284 975 318 1037 c.
335 978 476 1039 Terentio
497 978 594 1038 Istrae
613 976 763 1038 Sardinia.
799 979 929 1038 dilecars
943 979 1006 1048 lua:

59 1053 110 1116 bere
126 1062 256 1122 eonsules
278 1061 366 1122 iussi.
401 1060 435 1135 Q.
455 1059 569 1122 Fabius
591 1077 631 1121 ex
648 1061 812 1136 Liguribus
832 1062 1001 1138 scripserat
1045 1123 1051 1134 ,

59 1140 169 1214 Apuanos
182 1145 221 1206 ad
238 1144 436 1205 rebellionem
451 1153 607 1221 spectare,
622 1145 853 1220 periculumque
863 1159 944 1220 ease,
960 1160 1000 1204 ne

60 1222 168 1298 inpetum
180 1228 208 1287 in
222 1243 332 1304 agmen
346 1227 491 1289 Pisanum
507 1229 651 1288 lacerent.
681 1235 711 1288 et
731 1243 771 1288 ex
784 1227 942 1302 Hispaniis
958 1228 999 1286 ci·

58 1306 165 1368 teriorenr
178 1311 205 1370 in
220 1312 314 1373 annis
330 1327 403 1372 esse
417 1318 448 1371 et
464 1327 535 1374 cum
551 1311 708 1372 celtiberis
723 1309 828 1372 bellari
844 1310 997 1382 sciebant,

59 1386 79 1446 in
89 1391 218 1470 ulteriore,
234 1396 309 1472 quia
323 1395 376 1456 diu
390 1409 484 1471 aeger
497 1403 583 1457 esset
597 1403 733 1471 praetor,
758 1396 877 1456 luxuria
891 1402 921 1456 et
936 1395 998 1456 otio

59 1474 154 1537 solutam
168 1479 358 1556 disciplinam
372 1479 530 1540 militarem
550 1495 631 1541 esse.
661 1479 701 1541 ob
715 1494 753 1540 ea
767 1494 867 1540 novos
881 1479 998 1540 exerci-

32 1635 33 1638 ,
59 1560 92 1616 tus
107 1562 242 1623 conscribi
263 1563 395 1639 placuit,
418 1570 559 1639 quattuor
578 1565 716 1639 legiones
738 1565 768 1624 in
789 1564 934 1640 Ligures,
954 1563 999 1624 uti

32 1645 34 1694 ὲ
60 1638 160 1715 nuptae
173 1649 263 1722 quina
277 1645 361 1708 milia
375 1655 406 1708 et
420 1645 558 1708 ducenos
585 1647 720 1722 pedites,
747 1655 888 1708 trecenos
904 1647 999 1708 habe·

32 1745 34 1752 ,
60 1732 104 1785 rent
114 1728 231 1806 equites,
249 1729 406 1793 sociorum
426 1730 537 1793 iisdem
555 1731 653 1791 Latini
673 1732 804 1791 nominis
825 1730 999 1806 qaindecim

32 1883 33 1890 ἶ
59 1807 114 1868 nilla
124 1813 247 1886 peditum
261 1814 368 1875 addite
382 1821 413 1876 et
427 1814 591 1890 octingenti
608 1815 736 1890 equites.
764 1815 794 1872 hi
810 1814 872 1874 dno
889 1827 999 1874 consu·

32 1897 33 1902 ’
59 1887 113 1951 lares
126 1895 266 1960 exercitus
282 1905 397 1960 essent.
435 1899 571 1959 seribere
595 1903 754 1974 praeterea
779 1897 855 1956 iussi
881 1903 1000 1970 septem

59 1973 249 2054 nitiapeditum
264 1982 420 2043 sociorum
447 1998 484 2042 ac
508 1981 607 2042 Latini
631 1980 779 2054 nominis,
806 1987 835 2038 et
856 1977 1000 2054 quadrin-

59 2066 137 2126 gentos
149 2066 279 2140 equites,
307 2073 338 2126 et
361 2066 479 2126 mittere
503 2064 544 2125 ad
565 2063 607 2125 Μ.
620 2064 797 2125 Marcellum
814 2065 845 2124 in
862 2062 998 2138 Galliam,

59 2139 299 2234 chonsnlatu
322 2156 519 2226 prorogatum
539 2149 699 2226 imperium
721 2155 795 2208 erat.
834 2149 864 2208 in
887 2146 999 2224 Hispa-

58 2235 274 2320 illustremque
288 2247 368 2308 quae
383 2231 580 2309 ducerentur,
596 2240 741 2309 quattuor
757 2233 840 2293 milia
863 2231 998 2308 peditum

59 2317 138 2371 nuum
148 2315 352 2379 Romanorum
377 2325 407 2377 et
430 2317 553 2379 ducenti
578 2317 712 2393 equites,
736 2326 767 2379 et
780 2317 935 2378 sociorum
950 2331 998 2375 se

59 2395 114 2460 lien
126 2399 198 2461 milia
210 2401 348 2479 peditum
363 2415 432 2461 cum
452 2402 594 2462 trecentis
618 2400 771 2478 equitibus
792 2397 885 2462 scribi
900 2401 997 2462 iussa.

59 2473 112 2547 etp,
122 2477 205 2544 labio
220 2484 358 2547 Labeoni
373 2499 442 2547 cunr
457 2485 608 2560 exercitu,
627 2501 718 2560 quem
738 2483 885 2566 habebat,
901 2485 931 2543 in
949 2483 997 2542 Li·

60 2558 151 2626 stibus
165 2575 361 2646 prorogatum
375 2568 406 2629 in
421 2583 533 2630 annum
548 2570 707 2644 imperium
723 2574 781 2629 est.

74 2720 78 2733 Ι
115 2645 145 2706 ll.
164 2651 225 2712 Ver
239 2653 447 2730 procellosum
461 2668 499 2714 eo
511 2667 592 2714 anno
607 2652 671 2712 luit.
697 2650 796 2726 pridie
806 2647 925 2722 Parilia,
938 2662 999 2706 me-

60 2719 93 2784 do
106 2728 185 2794 terme
199 2736 264 2812 die,
280 2743 368 2797 atrox
383 2752 451 2798 curn
466 2744 558 2797 vento
578 2742 746 2811 tempestas
769 2739 876 2795 coorta
897 2731 999 2792 multis

60 2813 127 2900 bnis
139 2819 332 2896 profanisque
347 2817 424 2882 locis
439 2827 571 2897 strugem
588 2820 670 2896 iecit,
685 2819 774 2895 signe
788 2833 885 2878 aenea
898 2817 928 2876 in
944 2815 1000 2898 ca7

60 2894 135 2959 lttolio
156 2899 277 2979 deiecit,
303 2905 400 2964 iorem
425 2921 465 2965 ex
489 2905 567 2966 aede
586 2903 691 2976 Lame
707 2919 786 2979 quae
801 2902 831 2962 in
845 2902 1000 2964 Aventino

61 2981 198 3069 trineptem
212 2988 279 3049 tulit
292 2995 322 3050 et
335 2989 366 3048 in
382 2989 509 3065 posticis
521 2988 688 3066 parietibus
700 2989 818 3050 Cereris
830 2987 934 3062 templi
946 2986 1000 3047 ad·

60 3050 115 3132 fill,
132 3065 212 3142 signa
234 3071 295 3132 alia
322 3073 353 3133 in
371 3072 453 3135 eireo
478 3073 611 3134 maximo
635 3089 704 3134 cum
723 3072 872 3133 columnis
888 3069 1000 3146 quibus

62 3149 237 3232 illtrstabant
251 3155 375 3228 evertit,
391 3156 515 3232 lastigie
529 3158 647 3232 aliquot
666 3158 848 3233 templorum
862 3173 881 3215 a
895 3155 999 3216 culmi·

61 3220 538 3317 abusabruptatoededtsstpavit.
570 3241 674 3317 itaque
684 3239 716 3302 in
728 3239 899 3317 prodigium
911 3251 1002 3298 versa

63 3313 254 3398 intempestae,
271 3323 495 3401 procurarique
514 3323 696 3402 haruspices
717 3325 883 3386 iusserunt.
912 3320 1001 3382 simut

64 3397 215 3477 lituratum
230 3416 277 3468 est
293 3406 378 3484 quod
394 3406 543 3485 tripedem
556 3410 671 3470 mulum
690 3410 786 3471 Reate
808 3415 912 3468 natum
925 3417 1001 3462 nnn·

64 3475 221 3565 lilinum,
236 3498 265 3552 et
279 3507 298 3551 a
311 3491 442 3554 Formiis
463 3493 571 3554 aedem
593 3493 746 3572 Apollinis
768 3507 805 3551 ac
827 3489 948 3549 caietae
962 3483 1002 3544 de
