2328 3870
172 237 283 300 LIBER
297 235 355 294 XL.
378 232 460 292 cnr.
475 237 519 290 te.
534 233 633 288 esea.
656 223 814 296 [moneo]
933 211 974 278 ill

5 363 6 414 5
35 409 159 458 saeorum
184 389 215 464 Q.
238 385 372 446 Marcius
395 380 553 454 Philippus
581 375 612 434 in
638 369 776 432 eiusdem
803 368 904 426 locum
929 369 976 424 est

5 485 6 490 ’
37 485 170 553 cooptatus.
198 481 228 533 et
249 485 347 544 augur
369 465 421 540 Sp.
435 458 610 524 Postumius
624 454 753 516 Albinus
776 447 924 512 decessit=
946 448 976 506 in

36 565 108 624 locum
127 559 188 702 etius
208 556 241 615 Ρ.
262 550 452 627 Scipionem,
475 545 570 606 filium
590 535 741 610 Africani,
766 545 899 608 augures
926 544 977 589 co·

34 653 132 720 apeme
146 686 154 700 .

5 769 6 774 κ
94 724 221 787 Cinnanis
242 737 281 781 eo
297 735 379 779 anno
398 711 571 790 petentibus
587 705 786 784 permissum,
807 704 842 760 ut
856 695 979 771 publice

34 813 111 873 Latine
133 810 329 884 loquerentur
349 808 379 860 et
400 795 604 873 praeconibus
627 787 734 850 Latine
754 779 910 844 vendendi
931 777 980 836 ius

5 941 6 944 ,
32 902 101 955 esset.
117 891 213 952 XLlll.
236 887 357 949 Pisanis
373 897 480 958 agrurn
495 872 718 954 pollicentibus,
735 882 797 944 quo
808 863 915 924 Latina
929 875 978 920 co·

5 1037 6 1040 ,
33 977 93 1038 lenia
101 976 304 1043 deduceretur,
316 968 432 1045 gratiae
443 964 481 1023 ab
493 967 602 1022 senatu
613 964 716 1023 actam
731 947 879 1012 triumviri
888 942 980 1005 creati

34 1061 61 1121 ad
71 1077 126 1121 eam
137 1075 199 1119 rem
214 1057 249 1132 Q.
264 1055 378 1115 Fabius
393 1051 491 1110 Buteo
505 1043 546 1104 ln
561 1049 593 1102 et
604 1041 637 1100 P.
650 1034 770 1112 Popillii
786 1033 947 1094 Laenates.
963 1043 983 1086 a

32 1142 167 1204 dllaenlo
181 1146 335 1217 praetore,
351 1135 400 1198 cui
415 1128 575 1208 presencie
585 1122 726 1186 Sardinia
737 1133 806 1178 eum
817 1111 983 1183 evenisset,

34 1228 139 1288 additum
158 1232 237 1298 eret,
259 1229 294 1283 ut
314 1221 476 1296 quaereret
490 1213 530 1272 de
542 1205 702 1270 venedeiis
716 1199 838 1273 lougius
854 1196 892 1255 ab
907 1193 984 1254 urbe

5 1357 6 1376 2
32 1311 113 1371 decem
125 1310 245 1369 mitibus
260 1319 420 1383 passuum,
436 1297 553 1359 liberm
567 1291 696 1359 adlatae,
713 1299 748 1346 se
762 1281 823 1342 iam
836 1278 895 1338 tria
904 1274 986 1334 milia

5 1385 6 1440 ἶ
34 1393 156 1455 lemnum
176 1392 359 1461 damnasse,
381 1391 411 1445 et
431 1383 572 1442 crescere
593 1371 653 1434 sibi
674 1365 887 1444 quaestionem
908 1356 985 1444 indi·

5 1511 6 1516 κ
34 1477 85 1536 eis:
108 1485 154 1538 aut
173 1493 241 1537 eam
265 1471 325 1535 sibi
345 1483 417 1530 esse
436 1460 639 1525 deserendam
659 1460 712 1516 aut
731 1445 919 1527 provinciam
940 1438 986 1500 di·

5 1619 6 1666 ³
35 1561 262 1718 mtoegffivius
283 1639 414 1700 Flaccus
436 1647 475 1690 sn
494 1623 644 1702 fflspania
665 1620 755 1683 rediit
767 1617 896 1676 Romam
916 1622 983 1668 cum

5 1727 6 1812 p
35 1743 116 1802 magna
128 1730 206 1788 lama
216 1731 374 1800 gestarum
384 1730 504 1782 aeremia
526 1709 579 1786 qui
591 1724 660 1770 cum
671 1709 757 1764 extra
768 1698 873 1758 urbem
884 1692 984 1753 trium·

5 1847 6 1886 i
37 1811 73 1884 pli
89 1827 173 1872 causa
193 1815 296 1880 esset,
319 1801 429 1865 consul
448 1803 496 1859 est
515 1806 637 1855 meatus
659 1776 902 1848 contuentia
916 1772 988 1833 Aci·

5 1953 7 1968 f
36 1893 100 1967 dito,
118 1901 230 1971 etpost
245 1903 366 1968 paucos
380 1885 447 1946 dies
463 1895 531 1940 eum
546 1872 707 1942 militibus,
721 1879 801 1941 quos
816 1873 921 1922 secum
936 1855 989 1913 de·

5 2005 6 2056 j
37 1977 143 2052 tuerat,
157 1975 351 2052 triumphans
367 1969 475 2030 urbem
488 1968 537 2023 est
550 1960 699 2020 invectus
719 1948 786 2009 ttulit
796 1945 826 2005 in
838 1934 989 2031 triumpho

5 2057 6 2072 ¹
35 2075 140 2122 mronas
160 2075 274 2122 aureas
289 2063 412 2118 centum
431 2045 537 2122 viginti
558 2045 717 2118 quattuor:
746 2032 906 2107 praeterea
925 2034 991 2080 aun

5 2155 6 2184 ³
38 2145 116 2218 pondo
127 2145 250 2220 triginta
263 2155 367 2213 unum,
382 2143 414 2196 et
422 2129 533 2208 signati
544 2121 692 2188 Oscensis
702 2125 858 2179 nummum
870 2112 990 2166 centum

36 2231 200 2305 septuaginta
213 2227 275 2288 tria
290 2223 374 2284 milia
388 2221 547 2280 ducentes.
569 2204 715 2268 militibus
727 2201 767 2262 de
778 2191 894 2272 praeda
906 2187 991 2265 quin-

38 2327 168 2390 tltgeuos
189 2309 339 2372 denarios
360 2303 460 2374 dedit,
485 2297 601 2371 duplex
619 2279 863 2351 centurionibus,
883 2271 994 2348 triplex

37 2398 120 2472 equiti,
142 2394 322 2458 tantundem
348 2385 442 2450 sociis
462 2379 559 2442 Latini
581 2371 729 2442 nominis,
754 2371 787 2424 et
806 2357 992 2436 stipendium

37 2481 150 2541 omnibus
166 2481 295 2555 duplex.

5 2605 6 2642 3
100 2565 196 2624 XLlV.
218 2563 267 2622 Eo
289 2571 369 2618 anno
385 2548 504 2626 rogatio
520 2543 651 2620 primum
665 2539 727 2598 lata
740 2538 788 2592 est
801 2527 840 2586 ab
854 2525 887 2584 L.
902 2517 994 2580 Villio

39 2644 134 2709 tribuno
149 2647 261 2724 plebis,
278 2645 353 2718 quot
367 2650 465 2697 annos
480 2629 543 2692 nati
557 2634 711 2702 quemque
722 2609 930 2705 magistratum
944 2614 996 2672 pe·

5 2747 6 2806 3
40 2733 114 2791 terent
132 2734 351 2806 caperentque.
381 2719 453 2780 inde
469 2722 642 2788 cognomen
659 2696 791 2762 familiae
804 2688 946 2756 ruditum,
965 2687 998 2740 ut

41 2811 149 2874 Annales
174 2811 414 2890 appellarentur.
446 2804 605 2876 praetores
629 2787 775 2862 quattuor
795 2776 866 2851 post
884 2768 997 2829 multos

42 2905 117 2957 annos
133 2900 200 2974 lege
213 2891 331 2956 Baebia
345 2885 447 2957 creati,
464 2895 544 2958 quae
559 2870 681 2937 alternis
698 2867 865 2939 quaternos
875 2850 1000 2914 iubebat

42 2979 126 3041 creari.
145 2981 176 3042 bi
190 2979 264 3041 iacti
280 2976 332 3036 Cn.
349 2968 506 3033 Cornelius
524 2959 630 3033 Scipio
646 2953 678 3015 G.
689 2942 834 3010 Valerius
843 2934 998 3000 Laevinus

42 3059 67 3134 i·
79 3071 104 3125 et
114 3065 143 3124 P.
152 3061 245 3126 Mucii
257 3061 291 3136 Q.
303 3060 336 3120 F.
349 3052 527 3116 Scaevolae.
549 3043 583 3118 t).
594 3035 701 3102 Fulvio
717 3039 747 3092 et
757 3031 791 3089 L.
801 3023 914 3088 Manlio
925 3032 1001 3078 eon·

44 3145 140 3212 suibus
155 3149 263 3210 eadem
279 3138 445 3220 provincia
461 3145 541 3209 quae
556 3117 776 3200 superioribus,
792 3109 858 3188 pari
873 3114 1000 3197 numero

46 3230 132 3304 copiae
149 3233 284 3308 peditum
305 3224 457 3300 equitum,
478 3213 590 3276 civium
612 3203 768 3268 sociorum
788 3196 940 3255 decretae.
968 3198 1001 3243 m

46 3310 177 3388 ffispeniis
198 3313 319 3376 duabus
339 3308 381 3367 Ti.
398 3296 580 3375 Sempronio
599 3299 631 3352 et
643 3289 677 3349 L.
691 3278 847 3360 Postumio
865 3265 1001 3334 cumiis·

47 3393 100 3456 dem
118 3398 313 3468 exercitibuS‚
340 3404 421 3468 quos
440 3383 602 3450 haberent,
624 3372 821 3450 prorogatum
841 3348 1002 3442 imperium

48 3485 97 3548 isle
119 3488 146 3541 et
164 3484 194 3542 in
217 3479 462 3556 supplementum
483 3461 628 3527 consules
649 3451 785 3517 seribere
800 3439 878 3503 iussi
892 3431 933 3493 ad
946 3437 1003 3489 trra
