2368 3858
444 218 655 273 FRAGMENTA.

443 369 489 418 Ec
505 369 546 419 tit.
567 369 641 421 0111.

93 442 131 497 ετ)
149 435 296 486 Horrendus
315 438 398 502 magis
413 449 460 502 est,
477 439 578 502 perimit
595 439 639 502 qui
652 451 768 503 corpora,
787 439 872 490 cubo.

148 505 204 555 Urit
220 504 264 554 hic
283 505 405 568 inclusus,
426 507 513 556 vitalia
528 508 623 571 rumpit
640 516 757 571 apertus:

145 573 220 622 Hunc
236 581 335 624 veteres
354 575 480 638 quondam
498 576 575 624 variis
592 575 712 640 pepulere
731 574 847 626 medelis,

149 642 235 691 Tertia
253 657 363 706 namque
379 644 431 692 Titi
447 643 522 692 simui
540 652 565 693 et
581 645 718 694 centesima
732 645 789 695 Liri

149 711 243 760 Charta
261 711 343 770 docet,
363 711 428 760 ferro
446 711 522 761 talem
540 713 661 763 candente
681 713 793 764 dolorem

147 781 297 839 Exsectum‚
315 789 359 830 aut
375 787 437 844 poto
454 795 575 845 raporum
593 782 689 832 semine
705 782 823 848 pulsum:

146 847 238 896 iniecti
257 848 344 898 dicens
361 850 406 898 vix
423 856 522 913 septem
537 864 615 914 posse
633 851 722 902 diebus

146 917 233 965 Vitam
252 917 372 981 produci:
392 926 462 966 tanta
480 925 518 966 est
534 918 655 968 violentia
671 921 761 971 morbi.

93 985 124 1047 Q.
146 983 238 1034 Seren.
256 983 356 1036 Samon.
378 986 409 1035 de
429 985 524 1036 Medio.
542 1001 598 1050 cup.
616 984 659 1039 39.
679 1003 714 1039 oa.
734 986 794 1040 tto.
813 1004 870 1055 sqq.

421 1050 501 1104 *Em
518 1054 561 1104 lib.
581 1055 653 1106 GIV.

92 1127 128 1178 28)
149 1121 289 1186 Pompeius
314 1122 424 1185 quinque
447 1124 520 1172 annis
540 1123 589 1172 fnit
605 1125 751 1190 praefectus
771 1139 898 1185 annonae,
923 1133 948 1174 et
967 1125 1030 1174 iilud

40 1189 158 1240 officium
175 1190 310 1258 usurpavit
326 1193 518 1254 superveniente
536 1191 605 1241 inme
623 1207 670 1242 neo
687 1201 739 1242 erat
754 1193 813 1256 vile,
833 1207 890 1243 cnm
904 1194 970 1243 dicat
987 1193 1029 1242 Li·

42 1261 112 1308 vius:
137 1259 162 1308 si
180 1254 238 1322 quis
255 1259 383 1321 qnondam
402 1273 526 1310 annonam
544 1262 571 1309 in
590 1261 652 1314 urbe
669 1261 825 1322 factitasset,
844 1276 936 1326 niagno
951 1261 1029 1311 habe-

1 1373 2 1384 2
41 1327 128 1386 batum
156 1341 204 1376 neo
226 1328 368 1385 immerito,
395 1329 456 1390 quia
474 1330 555 1378 Roma
576 1328 677 1378 volebat
701 1330 768 1380 omni
790 1330 832 1380 die
849 1327 941 1380 LXXX
959 1329 1029 1379 mitia

1 1403 2 1449 i
42 1396 186 1446 modiorum
213 1410 340 1444 annonae:
362 1403 386 1444 et
403 1397 440 1446 sic
454 1412 500 1462 per
517 1397 567 1447 hoo
585 1399 717 1460 acquisivit
735 1397 784 1448 sibi
803 1399 895 1448 multos
914 1398 1027 1450 clientes.

1 1522 2 1527 ¹
42 1463 176 1514 Saluitoni
196 1471 243 1514 oet.
270 1464 371 1514 Lucani
391 1465 428 1513 cd
447 1465 541 1516 Pharo.
559 1465 589 1528 I,
606 1463 667 1517 319.
691 1467 725 1530 cf.
753 1464 848 1517 Ottom's
870 1468 981 1533 Dispois.
1003 1469 1028 1516 in

43 1533 109 1582 Anna.
130 1533 281 1585 Dormatad.
301 1534 348 1582 ool.
372 1532 452 1583 VIII.
468 1549 496 1596 p.
516 1530 575 1584 318.

1 1609 2 1612 ’
429 1599 508 1651 *En
525 1602 566 1652 tit.
587 1603 643 1652 CV.

1 1668 3 1709 ἶ
93 1676 128 1725 29)
148 1670 266 1718 Formam
289 1669 368 1718 totius
386 1668 529 1720 Britanniae
545 1670 632 1720 Livius
645 1680 772 1732 veterum,
797 1673 892 1722 Fabius
909 1673 1028 1722 Rusticus

1 1780 2 1799 Ξ
43 1738 199 1797 recentium,
225 1737 427 1799 eloquentissimi
445 1748 574 1797 auctores,
593 1739 719 1804 oblongae
736 1740 853 1790 scutulae
871 1740 909 1788 vel
925 1741 1027 1803 bipenni

1 1812 2 1868 ζ
44 1807 234 1857 assimulavere.
268 1805 348 1856 Tacit.
368 1805 457 1870 Αγνία.
475 1823 532 1870 cap.
554 1806 595 1858 10.

1 1881 2 1948 γ
94 1880 129 1932 ³⁰)
148 1874 295 1924 Britanniae
311 1873 369 1924 lieet
384 1876 584 1941 magnitudinem
602 1875 662 1923 olim
679 1889 768 1933 nemo,
793 1881 820 1921 ut
838 1872 915 1922 refert
932 1872 1028 1933 Livius,

44 1949 226 1994 circumvectus
246 1951 294 2002 est,
312 1943 398 1992 multis
416 1951 499 1992 tamen
512 1945 570 1993 data
583 1951 621 1991 est
634 1943 703 1992 varia
714 1943 799 2006 opinio
812 1942 843 1991 de
856 1955 887 1992 ea
898 1940 1027 2004 loquendi.

1 2070 3 2086 .
46 2012 189 2062 Iomandes
208 2012 240 2062 dc
258 2011 334 2061 rebus
352 2012 431 2063 Getic.
452 2026 508 2074 cop.
528 2009 554 2060 2.

1 2135 2 2149 γ
427 2084 443 2117 *
460 2087 507 2137 Ex
523 2088 565 2138 lib.
585 2087 655 2138 CIX.

1 2156 3 2210 ἲ
95 2164 129 2214 tl)
151 2155 382 2223 septingentesimo
406 2157 561 2206 condicionis
579 2171 640 2205 suse
658 2170 724 2204 anno
742 2153 941 2219 quattuordecim
958 2152 1028 2203 vicos

46 2228 98 2276 cius
115 2225 243 2291 (Romae)
259 2225 382 2274 incertum
403 2223 471 2273 unde
494 2239 648 2290 consurgens
667 2224 769 2274 flamma
786 2223 956 2287 consumpsit:
981 2235 1028 2270 nec

2 2307 4 2340 ;
47 2309 173 2358 umquam,
193 2302 222 2343 ut
240 2294 275 2344 ait
291 2293 389 2352 Livius,
410 2294 505 2342 maiore
522 2293 637 2343 incendio
654 2300 753 2343 vastata
771 2299 824 2350 est;
849 2293 912 2342 adeo
930 2298 958 2339 nt
969 2296 1029 2355 post

2 2383 3 2386 ¹
48 2363 140 2427 aliquot
159 2377 240 2411 annos
258 2361 351 2412 Caesar
364 2362 500 2425 'Angustus
519 2362 552 2411 ad
567 2363 751 2426 reparationem
768 2375 868 2419 eorum,
886 2373 950 2422 quae
968 2366 1028 2406 tuno

47 2441 136 2481 exusta
150 2438 230 2490 erant,
247 2445 367 2496 magnam
384 2430 436 2480 vim
452 2430 576 2493 pecuniae
591 2445 624 2479 ex
640 2430 736 2478 aerurm
751 2428 853 2493 publico
866 2426 971 2491 largitus
984 2425 1026 2473 sit.

3 2523 4 2546 1
47 2499 118 2550 Oros.
141 2499 207 2559 VII,
226 2497 252 2549 2.

3 2581 5 2610 τ
94 2574 128 2624 22)
148 2567 243 2618 Caesar
259 2567 389 2617 Rubicone
406 2567 509 2615 flumine
526 2573 690 2623 transmeato,
707 2578 767 2612 mox
786 2569 814 2610 ut
825 2562 967 2611 Ariminum
985 2573 1028 2608 ve·

48 2637 96 2695 nit,
121 2637 234 2700 quinque
252 2634 384 2694 cohortes,
409 2649 473 2698 quas
491 2642 551 2682 tuno
568 2631 638 2682 solos
654 2629 774 2687 habebat,
799 2644 856 2678 cum
874 2629 977 2691 quibus,
1001 2632 1029 2674 ut

48 2706 81 2754 ait
92 2706 189 2764 Livius,
209 2705 296 2754 orbem
311 2713 436 2752 terrarum
452 2703 556 2752 adortus
574 2710 622 2763 est,
641 2699 703 2761 quid
716 2698 783 2748 sacto
799 2711 863 2761 opus
876 2704 952 2760 esset,
970 2694 1028 2743 edo-

48 2775 103 2823 cuit.
133 2772 207 2824 Oros.
233 2772 282 2833 VI,
305 2769 346 2822 16.
376 2771 416 2834 Os.
435 2770 587 2821 Freinshem.
607 2768 731 2829 Schplem.
749 2780 806 2828 cap.
826 2761 871 2818 ³9.

422 2836 503 2888 *Eoo
521 2839 562 2888 tit.
583 2835 652 2889 GXI.

5 2933 6 2938 ¹
96 2916 129 2969 ³³)
150 2910 251 2960 Primus
267 2909 369 2958 hostem
389 2909 515 2973 percussit
532 2921 613 2970 nuper
631 2904 685 2970 pilo
704 2911 805 2968 sumpto
823 2903 906 2967 primo
923 2901 949 2951 G.
971 2899 1027 2951 Cra·

5 3007 6 3010 =
49 2979 292 3030 stinus.'SeItoliost.
312 2985 360 3028 vet.
382 2978 481 3026 Lucani
497 2977 533 3024 od
549 2975 641 3024 Phara.
664 2972 729 3032 VII,
745 2969 804 3023 471..

5 3049 7 3102 ἓ
94 3055 127 3106 ot)
143 3038 191 3096 Ἐν
201 3041 233 3096 δέ
242 3043 375 3113 Παταβίῳ
389 3037 475 3100 Γάϊος
484 3035 648 3106 Κορνήλιος,
658 3033 731 3104 α’νὴρ
746 3030 891 3106 εὐδόκιμος
906 3032 952 3089 ἐπὶ
962 3052 1029 3102 μαν-

6 3117 7 3168 i
49 3115 115 3181 ανῆ,
133 3113 236 3183 Λιβίου
254 3111 304 3163 τοῦ
322 3128 426 3178 coppos
451 3107 502 3168 ε’ως
519 3109 636 3174 πολίτης
652 3105 700 3158 uoci
718 3101 868 3175 γνώριμος,
885 3099 1030 3171 ἐτύγχανεν

6 3215 7 3220 ,
50 3167 97 3230 ἐπ”
108 3178 226 3243 οἰωνοῖς
247 3173 411 3247 καθήμενος
428 3128 540 3244 {aalma
554 3172 608 3240 τὴν
625 3171 740 3242 ἡμέραν.
769 3175 825 3228 Καὶ
842 3177 953 3243 πρῶτον
971 3168 1030 3253 μέγ,

50 3243 83 3308 (ὃς
103 3245 202 3322 Λίβιός
226 3264 312 3316 φησι,
338 3246 388 3300 τὸν
410 3241 511 3312 καιρὸν
529 3241 599 3311 ἔγνω
620 3245 670 3312 τῆς
688 3240 792 3312 μάχης,
814 3243 862 3297 καὶ
880 3239 951 3309 πρὸς
962 3254 1030 3326 'conc

51 3314 189 3385 παρόντας
199 3313 289 3381 εἶπεν,
309 3310 354 3369 ὅτι
369 3315 418 3370 καὶ
432 3311 467 3382 δὴ
481 3314 642 3377 περαίνεται
661 3314 691 3366 τὸ
710 3316 817 3382 χρῆμα,
837 3310 886 3364 καὶ
904 3322 1032 3361 συνιασιν

50 3383 86 3447 εἰς
103 3385 186 3456 ἔργον
205 3383 237 3439 οἱ
252 3382 364 3453 ἄνδρες.
391 3373 482 3443 Αὖθις
501 3379 531 3436 δὲ
548 3379 619 3448 πρὸς
637 3383 670 3451 τῇ
686 3383 742 3436 oto
759 3375 915 3450 peripteroe,
934 3374 982 3458 καὶ
993 3388 1027 3456 αξ

7 3509 9 3530 γ
51 3463 148 3524 σημεῖα
167 3451 294 3510 κατιδών
312 3449 435 3520 anniano
453 3447 510 3519 μετ’
527 3435 735 3518 innovatarum
752 3449 840 3519 βοῶν,
869 3447 1027 3519 ,,Νιαᾳς,ῳ
