2328 3870
101 212 162 276 102
211 207 327 270 LIBER
340 205 400 265 xl.
424 201 507 262 cAP.
522 207 567 264 58.
578 206 622 260 59.
646 203 683 271 [a.
697 201 732 254 U.
745 217 770 254 c.
782 200 845 256 ⁵⁷³.
860 213 886 250 c.
900 193 1013 258 0179]

101 365 334 429 concesserunt.
368 373 436 418 erun
458 353 561 416 subire
576 352 746 412 Bastarnae
766 348 897 418 vellent,
922 341 1009 418 quali
1025 346 1114 400 tem-

103 455 223 528 pestate
247 444 351 506 Gallos
377 439 547 516 spoliantes
566 434 705 510 Delphos
732 433 814 491 lama
838 436 889 488 est
914 431 1116 502 peremptos

102 549 191 605 esse,
216 531 286 590 talis
311 535 373 588 tum
393 525 560 584 Basternas
582 518 770 593 nequiquam
792 513 833 573 ad
854 513 928 586 iuga
949 507 1118 570 montium

104 614 390 693 appropinquantes
417 604 583 682 oppressit
619 615 723 676 neque
748 595 832 660 enim
855 594 956 655 imbre
979 599 1117 652 tantum

104 701 205 762 effuso
227 697 298 756 dein
320 688 503 753 creberrima
518 685 668 764 grandine
688 682 790 744 obruti
804 686 880 742 sunt
893 693 966 738 cum
980 675 1117 750 ingenti

104 787 227 859 fragore
238 778 315 838 caeli
326 771 553 848 tonitribusque
565 778 596 832 et
606 769 781 846 itdgrrribus
795 758 1118 838 praestringentibus

105 864 203 928 aciem
218 864 386 933 oculorum,
401 857 459 919 sed
473 854 599 917 iulmina
613 853 703 914 etiam
720 851 767 911 sic
780 845 922 922 undique
933 843 1118 916 nricabant,

50 953 53 958 “
106 957 140 1012 ut
160 948 222 1025 peti
242 946 419 1006 viderentru·
438 955 586 1016 corpora,
608 949 666 996 nec
685 936 786 995 solum
802 931 915 991 milites
934 927 1119 990 sedetiam

106 1032 263 1110 principes
288 1028 338 1089 icti
362 1026 515 1086 caderent.
547 1023 651 1096 itaque
671 1035 741 1080 cum
763 1013 926 1092 praecipiti
948 1014 1028 1086 fuga
1054 1025 1121 1085 per

107 1132 202 1193 rupes
218 1114 372 1190 praealtas
386 1107 550 1184 improvidi
568 1109 776 1165 sternerentur
789 1104 992 1172 ruerentque,
1008 1095 1119 1155 iusta·
1162 1129 1163 1132 =

108 1203 183 1262 bant
203 1197 326 1275 quidem
347 1191 499 1271 perculsis
517 1189 667 1260 Thraces,
692 1186 749 1246 sed
770 1183 834 1260 ipsi
856 1183 934 1244 deos
956 1186 1120 1240 auctores

110 1287 201 1359 fugae
222 1296 294 1341 esse
309 1279 490 1351 caelumque
504 1274 534 1332 in
550 1288 585 1334 se
599 1286 690 1331 ruere
706 1269 840 1329 aiebant.
869 1262 1018 1340 dissipati
1035 1279 1121 1338 pro·

110 1369 188 1427 cella
208 1379 277 1424 cnm
297 1369 453 1435 tamquam
473 1373 513 1418 ex
533 1353 695 1430 naufragio
717 1351 860 1428 plerique
875 1349 1070 1412 semiermes
1088 1347 1121 1407 in

111 1456 220 1520 castra,
235 1445 318 1506 unde
330 1442 458 1518 proiecti
470 1448 565 1515 erant,
578 1439 742 1512 redissent,
759 1433 929 1497 consultari
942 1431 1023 1508 quid
1037 1447 1121 1505 age

111 1538 179 1591 rent
200 1534 352 1603 coeptum.
380 1526 453 1585 inde
476 1531 542 1584 orta
562 1522 718 1582 dissensio
740 1520 808 1580 aliis
824 1517 1024 1578 redeundum
1044 1515 1123 1574 aliis

112 1611 333 1690 penetrandum
358 1609 390 1669 in
410 1606 595 1670 Dardaniam
620 1604 830 1666 censentibus.
863 1601 989 1676 triginta
1011 1599 1124 1658 ferme

112 1697 193 1758 milia
213 1695 369 1757 hominum
381 1721 422 1734 -
434 1689 580 1753 Clondico
599 1690 679 1750 duce
693 1684 826 1765 proiecti
842 1689 986 1744 crant-
997 1697 1124 1756 perve-

112 1785 238 1840 nerunt=
260 1786 363 1838 cetera
382 1776 542 1837 multitudo
562 1781 661 1847 retro,
685 1789 746 1849 qua
759 1775 905 1842 venerat,
926 1765 1126 1826 mediterra-
1162 1791 1163 1832 2

113 1877 203 1924 neam
226 1863 383 1938 regionem
408 1860 527 1937 repetit.
560 1859 692 1918 Perseus
718 1855 833 1931 potitus
855 1867 954 1928 regno
976 1849 1127 1910 interfici
1163 1854 1164 1859 ’

114 1947 300 2022 Antigonum
322 1943 427 2015 iassib
451 1951 481 2005 et
496 1944 568 2003 dum
590 1942 725 2001 firmaret
744 1954 813 2012 res,
834 1939 956 2012 legatos
977 1934 1127 1994 Romam
1162 1953 1163 1962 ¹

114 2031 153 2088 ad
168 2029 329 2089 amicitiam
343 2035 502 2102 paternam
515 2025 725 2088 renovandam
740 2021 991 2098 petendumque,
1006 2025 1049 2078 ut
1064 2033 1128 2078 rex
1162 2037 1163 2096 j

114 2111 152 2170 ab
170 2121 280 2172 senatu
300 2110 522 2185 appellaretur,
548 2108 640 2169 misit.
667 2107 746 2169 haec
761 2121 799 2166 eo
817 2120 900 2165 anno
915 2105 948 2162 in
960 2101 1127 2163 Macedo·
1162 2105 1163 2110 ’

114 2193 166 2252 nia
179 2202 278 2268 gesta.
1162 2213 1163 2240 ;

202 2276 276 2338 LIX.
298 2277 384 2337 Alter
399 2277 560 2336 consulum
575 2275 609 2350 Q.
625 2275 751 2336 Fulvius
767 2290 807 2334 ex
820 2269 992 2348 Liguribus
1008 2269 1129 2331 trium·

116 2358 236 2434 pharia
268 2374 358 2436 quem
379 2359 564 2436 triumphum
578 2361 675 2434 magis
696 2358 813 2434 gratiae
829 2371 922 2433 quam
938 2371 1054 2415 rerum
1070 2370 1130 2430 ge·
1162 2369 1163 2384 ³

117 2449 232 2502 starum
248 2442 447 2519 magnitudini
462 2444 565 2504 datum
580 2442 751 2504 constabat.
780 2455 938 2501 armorum
952 2439 1130 2499 hostilium
1162 2503 1163 2506 Ἴ

117 2541 258 2624 magnam
273 2527 335 2586 vim
348 2527 509 2601 transtulit,
525 2528 638 2587 nullam
653 2526 818 2602 pecuniam
832 2523 1016 2586 admodum.
1041 2520 1130 2582 divi·

118 2615 158 2671 stt
170 2615 272 2670 lamen
287 2612 316 2670 in
332 2609 472 2684 singulos
486 2611 596 2672 milites
609 2618 754 2672 trecenos
766 2608 858 2682 aeris,
875 2608 997 2683 duplex
1008 2613 1130 2669 centu·

117 2691 267 2768 rioribus,
281 2695 393 2768 triplex
408 2695 513 2769 equiti.
533 2693 606 2754 nihil
621 2696 651 2754 in
663 2708 701 2753 co
710 2691 865 2767 triumpho
877 2691 980 2765 magis
991 2691 1132 2766 insigne

119 2775 175 2870 luit
186 2793 277 2850 quam
291 2776 375 2852 quod
387 2777 466 2837 iorte
477 2777 588 2852 creuit,
603 2786 637 2838 ut
647 2777 758 2837 eodem
769 2775 820 2836 die
831 2774 1047 2849 triumpharet
1061 2789 1132 2850 quo

119 2873 224 2930 priore
238 2875 318 2919 anno
332 2875 371 2916 ex
386 2869 530 2932 praetura
544 2861 796 2939 triumphaverat.
819 2859 996 2920 secundum
1010 2858 1131 2918 trium-

121 2938 216 3013 phum
236 2941 358 3000 comitia
378 2942 489 3018 edixit,
512 2945 623 3022 quibus
643 2945 737 3006 creati
757 2944 905 3004 consules
921 2949 998 3002 sunl
1011 2940 1061 3000 Μ.
1077 2942 1133 3001 Iu·

121 3020 189 3080 nius
207 3022 326 3119 'Brutus
341 3025 388 3118 :⁴¹
409 3024 542 3090 Manlius
566 3031 677 3091 vulso.
712 3035 890 3104 praetorum
915 3024 993 3085 inde
1016 3025 1133 3086 tribus

121 3111 232 3200 creatis
247 3112 368 3200 comitra
382 3112 553 3186 tempestas
569 3113 699 3174 diremit
720 3119 847 3187 postero
863 3110 915 3170 dic
925 3107 1049 3182 reliqui
1061 3116 1134 3168 tres

122 3185 202 3282 lach,
218 3187 381 3282 antediem
397 3204 541 3264 quartum
555 3198 625 3258 idus
639 3196 774 3270 Martias,
791 3195 833 3254 Μ.
847 3193 979 3254 Titinius
997 3192 1135 3252 Curram

121 3267 415 3366 li.·claudru·s·Nero
430 3274 464 3333 T.
477 3279 622 3342 Fonteius
637 3281 753 3357 capito.
775 3278 840 3339 ludi
850 3277 987 3338 Romani
1003 3276 1135 3338 instau-

121 3357 178 3446 rati
193 3350 231 3409 ab
243 3351 393 3413 aedrhbus
405 3365 567 3426 curulibus
579 3365 632 3426 cn.
644 3364 773 3426 Servilio
785 3360 946 3436 Caepione
957 3363 1023 3437 Ap.
1033 3360 1134 3422 Clau-

123 3432 174 3492 dio
190 3433 324 3494 centone
344 3446 474 3512 propter
496 3449 638 3526 prodigia
652 3462 731 3524 quae
744 3452 923 3506 evenerant.
955 3451 1046 3506 terra
1061 3462 1134 3506 mo·
