2328 3870
147 213 188 280 62
292 211 408 272 LIBER
421 209 482 272 XL.
505 209 588 270 CAP-
600 221 642 272 lo.
655 219 699 272 11.
713 217 755 272 12.
778 215 813 282 [a.
826 214 861 268 U.
874 231 897 266 c·
909 214 971 282 sto]

148 374 248 442 galam
262 372 293 426 et
311 364 474 426 obnoxiam
490 362 716 424 adolescentiae
730 378 805 424 suae
819 377 891 424 esse
905 377 1036 438 aequum
1053 379 1125 426 cen·

148 456 203 510 set.
227 464 283 524 pro
296 447 357 509 isto
371 447 501 510 Romani
517 452 611 518 stant,
626 462 683 521 pro
698 444 758 507 isto
773 461 881 506 omnes
896 443 987 506 urbes
1003 452 1055 508 tuo
1071 447 1124 507 im·

146 548 234 608 peno
259 531 419 605 liberatae,
445 545 502 605 pro
527 530 586 592 isto
607 527 795 591 Macedones
817 528 870 605 qui
889 543 967 604 pace
986 530 1125 591 Romana

145 615 289 692 gaudent.
311 613 383 676 milri
398 619 572 688 praeterae,
587 622 684 689 pater,
700 613 774 689 quid
787 628 919 688 usquam
929 620 982 674 aut
994 613 1064 688 spei
1077 619 1127 674 aut

148 698 292 774 praesidii
312 704 381 758 esti
410 695 460 756 Xl.
490 713 551 773 quo
573 705 713 771 spectare
733 697 800 758 illas
815 697 931 756 litteras
944 697 984 756 ad
1000 702 1031 756 te
1044 712 1125 757 nunc

146 782 259 844 missas
273 780 304 839 Τ.
321 780 451 855 Quinctii
471 780 588 854 credis,
610 779 720 855 quibus
740 787 771 841 et
790 780 869 840 bene
883 785 914 840 te
928 778 1124 840 consuluisse

145 864 239 925 rebus
254 865 314 925 tuis
329 863 383 938 ait,
398 862 483 941 quod
496 863 680 924 Demetrium
693 865 820 926 Romam
835 861 965 936 miseris,
980 868 1011 924 et
1025 861 1125 924 horia-

147 956 210 1020 tur,
232 954 266 1009 ut
282 947 391 1008 iterum
408 954 440 1008 et
453 961 522 1008 cum
536 946 675 1022 pluribus
688 947 797 1022 legatis
812 954 843 1008 et
855 946 1044 1022 primoribus
1059 961 1126 1008 eum

146 1031 281 1092 remittas
288 1029 552 1093 Macedonumt'l.
560 1029 716 1105 Quinctius
728 1045 808 1091 nunc
819 1034 981 1092 estanclor
991 1030 1126 1090 omnium

144 1130 246 1177 rerum
261 1115 310 1176 isti
325 1121 356 1176 et
365 1114 517 1190 magister.
540 1129 610 1176 eum
621 1112 680 1175 sibi
690 1122 720 1176 te
732 1113 872 1175 abdicato
883 1118 971 1190 patre
982 1113 1014 1172 in
1027 1113 1126 1176 locum

145 1197 406 1262 tuumsubstituit.
427 1197 569 1262 illicante
581 1197 881 1259 omniaclandcstina
893 1203 1046 1258 concocta
1058 1203 1126 1258 sunt

146 1283 284 1344 consilia.
311 1288 499 1358 quaenmtur
514 1280 671 1343 adiutores
685 1278 833 1356 consiliis,
848 1296 916 1342 curn
930 1286 960 1340 te
974 1281 1085 1356 plures
1099 1285 1127 1340 et

145 1365 301 1441 principes
320 1365 524 1426 Macedonum
544 1380 613 1425 cum
633 1363 693 1426 isto
714 1365 831 1425 mittere
852 1363 944 1425 iubet.
981 1363 1036 1439 qui
1057 1363 1125 1425 irinc

145 1447 296 1522 integrior
311 1447 421 1508 sinceri
430 1449 559 1508 Romam
570 1455 651 1522 eunt,
663 1447 835 1524 Philippum
849 1462 954 1522 regem
967 1461 1003 1507 se
1013 1447 1127 1508 habere

146 1530 324 1604 credentes,
348 1529 455 1591 imbuti
474 1528 557 1590 illinc
576 1537 607 1591 et
626 1530 729 1592 iniecti
749 1531 895 1592 Romanis
914 1529 1125 1591 delenimentis

144 1613 284 1676 redeunt
313 1613 484 1674 Demetrius
503 1612 541 1674 iis
561 1630 643 1676 unus
663 1614 766 1676 omnia
779 1621 841 1689 est,
863 1629 934 1675 eum
947 1613 1008 1675 iam
1023 1628 1125 1689 regem

145 1699 215 1758 vivo
232 1703 319 1772 patre
332 1698 496 1774 appellant
516 1695 593 1758 hacc
605 1697 632 1758 si
642 1699 793 1773 indignor,
809 1696 994 1759 audiendum
1006 1703 1057 1758 est
1068 1704 1126 1758 sta·

145 1781 206 1856 tim,
222 1798 283 1842 non
298 1780 419 1842 ebullis
434 1781 534 1842 solum
549 1781 607 1842 sed
622 1782 711 1844 etiam
725 1798 744 1842 a
758 1789 804 1855 te,
828 1788 930 1856 pater,
951 1779 1126 1855 cupiditatis

144 1865 230 1942 regni
246 1865 369 1926 crimen.
391 1880 449 1940 ego
460 1880 545 1939 vero,
562 1867 589 1926 si
603 1866 631 1925 in
645 1865 745 1926 medio
757 1863 889 1940 ponitur,
904 1879 966 1924 non
977 1879 1126 1938 agnosco.

147 1965 237 2025 quem
252 1947 331 2010 enirn
346 1964 404 2010 suo
419 1951 489 2010 loco
503 1965 630 2022 moveo,
645 1958 679 2011 ut
691 1949 761 2024 ipse
775 1949 805 2009 in
821 1948 887 2009 eius
902 1947 1004 2010 locum
1019 1963 1126 2008 succe
1161 1977 1163 2048 ἰ

145 2033 236 2094 damt
261 2048 341 2092 unus
362 2039 433 2093 ante
453 2048 503 2093 me
523 2039 611 2107 pater
631 2041 693 2105 est,
714 2041 744 2094 et
758 2039 791 2093 ut
804 2031 857 2092 diu
871 2029 925 2106 sit,
946 2031 1024 2091 deos
1039 2045 1127 2105 rogo.
1160 2067 1163 2154 1

145 2121 305 2189 superstes
315 2145 359 2159 —
371 2120 401 2173 et
414 2114 456 2174 lta
470 2114 536 2188 sim,
552 2115 579 2176 si
594 2115 750 2190 merebor,
772 2123 805 2177 ut
818 2115 887 2190 ipse
903 2129 1041 2175 measse
1057 2114 1128 2174 velit
1159 2157 1162 2218 4

144 2195 398 2258 -hereditatem
412 2194 513 2273 regni,
529 2195 557 2256 si
572 2203 659 2273 pater
671 2198 778 2273 tradet,
793 2197 950 2274 accipiam.
979 2197 1070 2273 cupit
1081 2212 1127 2257 re·

144 2293 248 2355 gnum,
261 2286 292 2340 et
307 2278 432 2356 quidem
442 2281 591 2342 scelerate
602 2282 694 2356 cupit,
709 2281 760 2356 qui
772 2280 991 2342 transcendere
1003 2281 1128 2342 festinat
1160 2285 1162 2364 i

145 2362 283 2423 ordinem
305 2363 428 2438 aetatis,
449 2370 590 2436 naturae,
612 2365 706 2426 moris
720 2365 938 2438 Macedonum,
961 2364 1037 2424 iuris
1053 2380 1125 2440 gen·

143 2446 226 2508 tium.
254 2447 356 2508 obstat
370 2447 462 2508 irater
478 2448 588 2521 maior,
610 2447 650 2508 ad
665 2449 849 2524 quemme,
865 2449 1020 2509 voluntate
1035 2448 1128 2508 etiam
1160 2446 1161 2510 3

144 2531 249 2606 patris,
265 2544 393 2605 regnum
404 2531 542 2606 pertinet.
562 2531 699 2592 tollatur=
720 2549 781 2593 non
797 2534 913 2609 primus
924 2546 1056 2606 regnum
1070 2532 1127 2590 ira·
1159 2529 1161 2592 ἑ

143 2623 232 2675 terna
245 2613 342 2676 caede
356 2615 482 2690 petiero.
507 2622 595 2690 pater
608 2631 706 2676 senex
721 2622 751 2676 et
765 2616 828 2678 tilio
843 2617 929 2678 solus
945 2615 1075 2676 orbatus
1090 2612 1128 2675 de
1159 2629 1160 2634 ¹

144 2712 180 2759 se
194 2697 291 2774 magis
307 2696 430 2773 timebit,
447 2713 538 2776 quam
552 2707 586 2761 ut
599 2698 652 2760 lilii
667 2715 774 2760 necem
789 2697 962 2761 ulciscatur.
994 2695 1127 2759 Romani

143 2781 351 2855 laetabuntur,
370 2781 566 2858 probabunt,
582 2783 747 2844 defendent
760 2784 883 2846 lactum.
915 2783 975 2842 hae
989 2797 1069 2857 spes
1083 2783 1127 2840 in·

145 2870 254 2936 certae,
270 2870 365 2937 pater,
382 2866 438 2924 sed
453 2881 515 2926 nou
529 2865 637 2927 inanes
652 2873 733 2927 sunt.
755 2867 798 2927 ita
812 2868 891 2928 enim
904 2882 939 2927 se
949 2880 1001 2926 res
1014 2864 1127 2926 habeta

145 2943 311 3019 periculum
326 2947 407 3007 vitae
419 2949 594 3025 propellere
607 2966 626 3010 a
639 2965 688 3011 me
702 2959 806 3026 potes,
827 2949 983 3026 puniendo
999 2965 1056 3010 eos
1075 2945 1128 3024 qul

143 3027 184 3088 ad
198 3043 247 3088 me
261 3028 500 3092 interficiendum
521 3034 634 3094 ierrum
649 3041 862 3109 sumpseram
884 3035 911 3095 si
926 3033 1055 3094 facinori
1075 3046 1128 3092 eo-

111 3183 117 3194 ·
143 3127 209 3172 rum
233 3114 433 3189 successerit,
459 3123 587 3177 mortem
611 3133 709 3178 meam
735 3118 817 3178 idem
841 3124 874 3179 tu
894 3115 1042 3193 persequi
1063 3130 1128 3175 nou

144 3195 290 3270 poteris.“

227 3277 292 3340 Xll.
312 3280 479 3356 Postquam
499 3281 622 3345 dicendi
636 3283 728 3345 finem
742 3284 873 3346 Perseus
888 3283 974 3358 iecit,
995 3279 1130 3344 coniecti

144 3378 250 3424 eorum
271 3363 323 3440 qui
344 3363 471 3426 aderant
491 3367 572 3428 oculi
593 3364 624 3426 ln
637 3367 822 3430 Demetrium
842 3374 927 3441 sunt,
947 3368 1032 3428 velut
1051 3380 1129 3425 con-

145 3446 244 3508 lestim
258 3464 465 3525 responsurus
481 3459 572 3512 esset.
605 3451 716 3512 deinde
732 3452 784 3513 diu
797 3451 853 3514 luit
866 3449 1033 3527 silentium,
1054 3463 1130 3510 cum
