2368 3858
150 179 346 239 ΕΡΙΤΟΜΑΕ
363 179 563 240 LIBRORUlli
577 179 922 241 LXXXIV-LXXXIX.
965 183 1027 245 311

42 334 115 375 carbo
132 345 181 373 cum
197 333 224 372 ab
239 331 341 371 omnibus
355 331 445 382 oppidis
460 330 537 371 ltaliae
549 329 688 382 coloniisque
702 329 792 370 obsides
808 331 897 380 exigere
912 333 988 382 vellet,
1005 337 1029 374 ut

42 387 105 428 idem
123 398 199 428 eorum
214 389 291 426 contra
303 385 390 426 Sullam
406 385 523 436 obligaret,
539 393 648 424 consensu
662 388 753 424 senatus
768 385 895 436 prohibitus
907 389 949 426 est.
965 388 1029 426 novis

43 443 128 482 cluibus
143 443 237 481 senatus
252 439 355 479 consulto
370 438 496 489 suffragium
513 437 589 478 datum
604 441 646 478 est.
662 437 804 481 (blitetellus
818 439 877 488 Pius,
892 440 929 490 qul
945 444 1027 492 partem

43 496 184 548 optimatium
199 497 290 534 secutus
305 495 364 543 erat,
381 504 431 532 cunr
446 493 467 532 ln
484 493 556 532 Airica
571 492 653 533 beilum
669 493 796 542 moliretur,
813 503 825 531 a
841 492 867 535 C.
884 493 950 533 Fabio
966 505 1027 544 prae-

43 555 89 590 tore
104 550 187 602 pulsus
201 550 248 597 est,
263 549 402 598 senatusque
413 546 538 587 consultum
551 545 719 598 perlectionem
732 546 840 586 Carbonis
852 551 873 586 et
882 547 1030 588 lllarianarum

42 604 138 656 partium
160 603 242 643 laetum
262 603 310 649 est,
332 603 356 640 ut
371 609 447 640 omnes
467 600 548 652 ubique
570 600 682 640 exercitus
698 599 871 640 dimitterentur.
894 601 992 641 libertini
1008 603 1028 640 ln

1 693 2 696 ,
44 658 141 708 quinque
163 661 185 696 et
206 655 297 708 triginta
312 655 383 694 tribus
399 654 511 694 distributi
528 658 587 694 sunt.
608 657 725 705 practerea
739 653 793 694 belli
809 658 950 706 apparatum,
971 655 1029 707 quod

41 715 119 751 contra
136 710 225 750 Sullam
242 709 392 757 excitabatur,
408 709 513 748 continet.

1 761 2 764 ’
94 764 206 806 LXXXV.
223 762 288 803 Sulla
303 763 324 801 ln
340 763 425 803 ltaliam
440 772 488 802 cum
504 762 601 801 exercitu
617 762 711 810 traiecit,
726 761 845 813 missisque
857 761 935 814 legatis
951 763 1029 816 quide

43 831 94 871 pace
110 816 211 870 ager'ent,
227 828 240 856 a
255 816 345 856 consule
354 818 379 858 C.
387 816 493 857 Norbano
508 815 605 864 violatis,
621 815 714 856 eundern
722 815 850 855 Norbanum
866 818 952 868 proelio
967 819 1029 858 sicit.

42 877 62 912 et
82 883 133 912 cum
147 873 176 914 L.
191 871 316 922 Scipionis,
336 871 430 912 alterius
450 869 560 920 consulis,
584 881 632 910 cum
652 881 695 922 quo
716 869 843 922 peremnia
858 870 880 911 ιιι
896 876 982 922 egeret,
1005 875 1029 910 ut

43 937 117 978 pacem
133 928 245 976 iungeret,
261 936 300 965 nec
314 927 426 976 potuerat,
443 928 517 964 eastra
527 926 694 976 oppugnaturus
705 926 772 971 esset,
789 924 906 964 universus
917 925 1029 965 exercitus

1 1000 2 1004 =
43 980 141 1020 consulis
160 979 297 1019 sollicitatus
311 989 352 1031 per
366 979 461 1018 emissos
475 989 488 1018 a
501 976 566 1018 Sulla
586 979 669 1017 milltes
683 978 746 1028 signa
760 977 788 1018 ad
803 976 890 1018 Sullam
905 979 1027 1020 transtulit.

43 1035 118 1086 Scipio
141 1045 192 1073 cum
208 1031 279 1072 occidi
300 1035 388 1084 posset,
411 1032 514 1072 dimissus
536 1035 577 1072 est.
599 1031 640 1072 Cn.
657 1031 786 1084 Pompeius,
806 1030 847 1071 Cu.
862 1032 954 1085 Pompei
969 1033 1029 1073 filius

1 1084 2 1095 ³
43 1090 88 1129 eius
104 1088 144 1139 qui
160 1087 266 1127 Asculum
281 1088 382 1138 ceperat,
404 1087 530 1136 conscripto
546 1085 717 1124 voluntariorum
733 1085 832 1125 exercitu
848 1097 896 1126 curn
911 1087 982 1126 tribus
997 1088 1027 1126 le-

43 1143 145 1194 gionibus
160 1140 189 1179 ad
204 1140 290 1181 Sullam
305 1141 408 1189 venerat,
428 1138 456 1179 ad
472 1150 536 1191 quem
551 1149 575 1178 se
591 1139 695 1178 nobilitas
710 1139 781 1178 omnis
796 1138 937 1189 conterebat,
959 1143 989 1180 lta
1005 1143 1029 1180 ut

43 1197 131 1238 deserta
152 1195 208 1234 urbe
227 1193 255 1234 ad
271 1198 344 1234 castra
360 1195 478 1234 veniretur.
500 1195 615 1245 praeterea
634 1191 789 1246 expeditiones
803 1203 843 1244 per
858 1195 925 1234 totam
943 1193 1028 1234 italiam

44 1251 159 1300 utriusque
175 1247 246 1299 partis
261 1247 339 1288 ducum
354 1246 487 1298 reseruntur.

1 1330 2 1351 ι
93 1301 215 1345 LXXXVL
231 1301 286 1342 Cum
303 1302 327 1342 C.
340 1301 423 1342 illarius
434 1303 459 1343 C.
472 1301 536 1342 marii
551 1301 610 1340 tillus
624 1301 703 1342 consul
718 1303 769 1339 ante
784 1310 853 1341 annos
869 1300 971 1354 [viginti]
987 1311 1028 1353 per

1 1406 3 1414 ,
44 1359 85 1398 vim
100 1360 191 1396 creatus
206 1358 280 1404 esset,
301 1356 326 1398 C.
343 1355 422 1396 Fabius
437 1357 458 1395 in
474 1355 547 1395 Attica
563 1357 654 1407 propter
668 1352 822 1394 crudelitatem
838 1358 861 1394 et
876 1355 991 1394 avaritiam
1006 1353 1028 1393 in

0 1433 1 1438 =
44 1411 155 1464 praetorio
177 1420 219 1448 suo
234 1409 299 1449 rivus
314 1412 406 1450 exustus
421 1411 463 1448 est.
479 1410 504 1449 L.
519 1407 638 1460 Philippus
652 1407 739 1459 legatus
754 1407 832 1448 Sullae
846 1407 984 1457 Sardiniam,
1001 1407 1029 1451 Q.

1 1463 2 1479 ³
44 1466 137 1505 Antonio
153 1465 258 1516 praetore
272 1462 339 1516 pulso
354 1466 376 1502 et
391 1465 478 1512 occiso,
499 1464 622 1515 occupavit.
637 1461 702 1503 Sulla
715 1473 764 1502 cum
778 1461 861 1501 italicis
876 1464 979 1515 populis,
1000 1473 1028 1502 nu

0 1545 1 1548 =
45 1520 159 1560 timeretur
172 1517 200 1556 ab
216 1517 244 1556 lis
259 1517 322 1558 velut
337 1521 452 1570 erepturus
467 1517 579 1557 civitatem
594 1519 617 1556 et
631 1517 729 1568 suffragii
744 1517 779 1554 ius
794 1527 864 1568 nuper
881 1517 966 1564 datum,
983 1515 1027 1556 soe·

0 1585 1 1590 ¹
46 1573 85 1614 dus
99 1571 222 1625 percussit.
245 1570 348 1623 idemque
364 1583 391 1610 ex
407 1570 486 1610 liducla
501 1571 543 1610 lam
559 1573 632 1610 certae
646 1571 753 1610 victoriae
768 1569 903 1620 litigatores,
919 1583 931 1610 a
947 1571 1028 1622 quibus

0 1645 2 1658 ι
45 1627 158 1676 adibatur,
174 1625 299 1665 vadimonia
312 1625 403 1666 Romam
419 1624 505 1665 ditierre
519 1625 596 1674 iussit,
617 1636 666 1664 cum
681 1637 693 1664 a
709 1625 771 1676 parte
787 1623 875 1665 diversa
890 1626 942 1663 urbs
956 1623 1029 1663 adbuc

46 1683 164 1722 teneretur.
185 1679 210 1720 b.
225 1679 378 1730 Damasippus
392 1681 481 1731 praetor
496 1690 525 1718 ex
539 1679 654 1718 voluntate
669 1677 693 1718 c.
708 1677 771 1718 Marii
787 1678 886 1718 consulis
900 1689 949 1717 cum
964 1688 1027 1718 sena·

0 1745 1 1764 ι
46 1741 90 1776 tum
105 1735 263 1782 contraxisset,
279 1743 365 1773 omnem
380 1743 436 1784 quae
451 1733 473 1771 ln
490 1733 543 1772 urbe
558 1734 604 1773 erat
619 1732 757 1771 nobilitatem
774 1730 906 1778 trucidavit,
922 1741 950 1770 ex
966 1733 1028 1784 euius

0 1801 1 1844 ι
47 1801 135 1830 numero
155 1788 183 1831 Q.
202 1788 290 1828 llluclus
312 1787 422 1828 Scaevola
441 1786 542 1838 pontifex
562 1786 671 1826 maximus
691 1784 778 1836 lugiens
800 1785 821 1822 io
841 1784 952 1823 vestibulo
967 1784 1029 1823 aedis

0 1849 1 1852 ’
47 1845 125 1884 Vestae
139 1843 228 1882 occisus
243 1843 285 1882 cstv
307 1841 422 1892 praeterea
441 1840 524 1880 bellum
538 1853 551 1880 a
566 1841 591 1880 b.
606 1839 697 1879 Murena
717 1838 825 1877 adversus
840 1836 991 1878 Mithridatem
1006 1839 1028 1878 in

48 1899 98 1939 Asia
112 1898 243 1936 renovatum
258 1897 363 1936 eontinet.

97 1949 227 1992 irxxxvli.
247 1948 311 1989 Sulla
327 1950 351 1992 C.
367 1947 473 1999 diarium,
494 1947 594 1988 exercitu
609 1947 657 1988 eius
673 1946 723 1987 tuso
738 1945 857 1998 deletoque
871 1945 898 1986 ad
915 1945 1028 1999 Sacripor-

51 2007 98 2054 tum,
114 2006 135 2044 in
151 2002 235 2055 oppido
248 2002 369 2043 Praeneste
380 2002 476 2043 obsedit.
491 2003 567 2042 urbem
582 2000 672 2041 Romam
687 2012 715 2040 ex
730 2001 864 2041 inimicorum
879 2000 980 2041 manibus
995 2011 1028 2039 re·

51 2061 113 2112 cepit.
134 2057 229 2099 Marium
249 2067 363 2110 erumpere
384 2059 530 2109 temptantem
544 2055 650 2107 reppulit.
671 2058 787 2107 praeterea
806 2065 869 2097 resa
886 2055 965 2106 legatis
981 2057 1029 2095 eius

51 2113 122 2154 eadem
138 2113 221 2163 ubique
236 2109 326 2151 fortuna
340 2112 436 2164 partium
451 2115 526 2162 gestas
540 2111 646 2152 continet.
912 2117 918 2127 ·

101 2165 239 2207 Lxxxvlil.
263 2163 327 2206 Sulla
342 2165 478 2210 Carbonem.
494 2166 594 2204 exercitu
610 2163 657 2203 elus
672 2163 722 2202 tuso
737 2162 764 2202 ud
781 2163 887 2213 Clusium,
902 2163 930 2203 ad
945 2163 1027 2203 Faven-

51 2221 100 2261 tiam
115 2219 285 2271 Fidentiamque
300 2230 373 2267 caeso,
388 2219 453 2260 ltalia
468 2218 567 2269 expulit,
586 2228 635 2257 cum
650 2217 798 2266 Samnitibus,
815 2218 852 2268 qul
867 2217 911 2258 soll
926 2229 954 2257 ex
969 2215 1028 2258 ltali-

52 2275 81 2314 cis
98 2273 187 2326 populis
208 2272 303 2313 nondum
324 2283 384 2312 arma
403 2275 536 2325 posuerant,
557 2273 619 2312 iuxta
639 2272 714 2312 urbem
734 2272 854 2312 Romanam
877 2274 927 2310 ante
943 2273 1028 2323 portam

52 2328 155 2368 Collinam
175 2326 311 2376 debellantia
330 2329 505 2380 recuperataque
519 2337 543 2366 re
563 2325 653 2378 publica
667 2324 836 2379 pulcherrimam
852 2325 966 2364 victoriam
981 2335 1028 2363 cru·

55 2381 150 2431 ielitate,
166 2385 250 2432 quanta
264 2382 287 2421 ln
303 2380 365 2421 uullo
380 2381 493 2421 bominum
510 2379 561 2428 luit,
578 2381 711 2431 inquinavit.
727 2382 777 2419 octo
792 2379 853 2418 milla
867 2377 991 2418 deditorum
1007 2377 1029 2415 in

52 2434 103 2475 villa
122 2435 212 2488 publica
231 2433 366 2481 trucidavit,
386 2435 484 2475 tabulam
500 2433 669 2486 proscriptionis
682 2433 811 2486 proposuit,
830 2432 905 2471 urbem
920 2443 946 2471 ac
961 2433 1028 2471 totam

53 2489 134 2529 ltaliam
153 2489 259 2530 caedibus
279 2487 387 2541 replevit,
408 2489 466 2528 inter
485 2498 541 2540 quas
560 2499 636 2528 omnes
655 2487 813 2527 Praenestinos
834 2488 928 2525 inermes
943 2483 1029 2524 concidi

54 2544 127 2592 iussit,
142 2543 236 2584 Marium
252 2543 357 2583 senatorii
373 2542 458 2584 ordinis
473 2545 544 2584 virum
559 2540 660 2581 cruribus
674 2539 815 2590 brachiisque
831 2539 921 2586 tractis,
940 2538 1029 2578 auribus

53 2600 168 2648 praesectis
184 2600 208 2636 et
222 2597 294 2636 oculis
314 2597 401 2638 eliossis
416 2597 509 2636 necavit.
531 2595 555 2636 t).
570 2595 653 2635 illarius
667 2595 788 2634 Praeneste
799 2593 907 2632 obsessus
922 2603 935 2631 a
949 2591 1029 2632 Lucre-

54 2652 81 2690 tio
96 2650 169 2691 Olella
184 2651 326 2692 Sullanarum
346 2652 442 2702 partium
461 2652 521 2698 viro,
544 2660 592 2688 cum
611 2657 652 2700 per
667 2646 790 2687 cuniculum
811 2647 912 2697 captaret
926 2644 1028 2693 evadere,

55 2706 139 2754 saeptus
159 2705 186 2744 ab
207 2706 308 2746 exercitu
329 2708 419 2745 mortem
440 2705 484 2745 sibl
503 2702 620 2744 conscivit.
641 2701 725 2750 idest,
746 2700 768 2739 ln
783 2700 832 2752 ipso
844 2698 959 2747 cuniculo,
981 2709 1030 2738 cum

55 2759 141 2798 sentiret
160 2769 185 2800 se
204 2758 301 2798 evadere
320 2769 363 2798 non
384 2767 461 2811 posse,
482 2768 530 2798 cum
550 2755 629 2798 Pontio
649 2753 752 2796 Telesino
772 2753 837 2806 togae
857 2753 936 2794 comite
951 2753 1030 2792 stricto

57 2812 158 2863 utrimque
173 2812 249 2864 gladio
265 2815 388 2863 concurrit,
409 2822 474 2864 quem
494 2822 543 2851 cum
556 2809 688 2859 occidisset,
709 2809 759 2861 lpse
773 2810 862 2850 saucius
876 2807 1002 2859 impetravit
1018 2817 1030 2846 a

56 2868 126 2914 terro,
142 2867 165 2905 ut
180 2875 205 2906 se
220 2866 339 2906 occideret.

102 2919 218 2960 LXXXlX.
236 2920 267 2962 ill.
289 2922 370 2960 iltutus
391 2931 403 2958 a
423 2921 464 2963 Cn.
480 2919 569 2970 Papirio
585 2918 698 2966 Carbone,
720 2917 757 2969 qul
770 2917 887 2958 Cossorum
903 2916 1028 2969 appulerat,

56 2973 128 3014 missus
142 2985 199 3014 nave
214 2975 334 3026 piscatoria
349 2973 492 3026 Lilybaeum,
507 2975 532 3013 ut
546 2973 686 3026 exploraret,
701 2982 729 3012 ao
744 2972 775 3012 ibi
791 2971 908 3022 Pompeius
923 2973 991 3019 esset,
1007 2972 1030 3009 el

56 3027 209 3068 circumventus
229 3039 242 3067 a
262 3028 356 3068 navibus
378 3038 433 3080 quas
453 3029 573 3079 Pompeius
593 3028 694 3075 miserat,
718 3027 738 3066 ln
759 3035 784 3065 se
804 3036 908 3066 mucrone
922 3035 987 3066 verso
1002 3023 1030 3062 ad

56 3081 166 3122 transtrum
187 3083 252 3125 suavis
273 3083 369 3122 obnixus
389 3085 488 3134 corporis
507 3081 604 3134 pondere
619 3079 726 3120 incubuit.
748 3080 779 3122 Cn
804 3079 922 3131 Pompeius
937 3079 958 3118 in
975 3077 1029 3118 Sici·

56 3132 100 3174 liam
114 3147 161 3176 cum
177 3137 271 3188 imperio
285 3147 298 3176 a
313 3138 391 3177 senatu
407 3138 488 3176 missus
503 3135 542 3177 Cn.
554 3135 684 3183 Carbonem,
701 3134 738 3185 qui
752 3135 807 3174 tiens
821 3133 959 3174 muliebriter
973 3140 1029 3171 mor·

57 3188 94 3227 tem
108 3189 165 3240 tulit,
181 3194 270 3243 captum
286 3188 375 3230 occidit.
392 3189 456 3230 Sulla
471 3190 567 3230 dictator
581 3189 659 3238 lactus,
676 3186 736 3239 quod
752 3199 814 3228 nemo
824 3198 927 3239 umquam
938 3185 1029 3232 iecerat,

57 3250 98 3282 cum
115 3242 213 3284 fascibus
232 3245 312 3295 viginti
334 3246 439 3294 quattuor
458 3243 576 3296 processit.
599 3243 686 3295 legibus
706 3244 770 3283 novis
785 3243 816 3281 rei
830 3243 933 3294 publicae
947 3240 1030 3277 statum

57 3295 193 3346 confirmavit,
209 3299 346 3338 tribunorum
360 3298 435 3349 plebis
449 3299 583 3348 potestatem
599 3298 688 3346 minuit,
704 3299 727 3336 et
742 3307 806 3336 omne
822 3295 857 3334 lus
872 3295 943 3343 legum
958 3291 1029 3330 leren-

57 3345 123 3390 dsnrm
137 3350 380 3405 ademit.‘pontiiicum
395 3362 547 3403 augurumque
563 3351 680 3402 collegium
696 3349 822 3401 ampliavit,
839 3351 862 3386 ut
877 3348 952 3386 essent
967 3345 1029 3396 quin-

57 3399 130 3454 leon,
149 3407 250 3446 senatum
271 3417 300 3446 ex
315 3407 413 3457 equestri
430 3405 507 3445 ordine
521 3406 647 3457 supplevit,
666 3405 837 3456 proscriptorum
852 3400 928 3439 liberis
943 3400 977 3438 ius
992 3409 1030 3449 pe·

57 3455 161 3500 tendornm
176 3458 284 3500 honorum
300 3460 389 3512 eripuit,
405 3462 427 3499 et
441 3459 499 3499 bona
514 3471 587 3500 eorum
603 3457 710 3508 vendidit,
726 3469 754 3496 ex
768 3454 950 3507 quibusplurlma
960 3453 1030 3504 primo
