2368 3858
211 207 325 269 LIBER
339 205 429 266 XLV.
451 207 533 268 CAP.
550 215 593 270 28·
605 215 649 270 29.
671 214 707 281 [a.
719 201 754 266 0ss
765 215 827 282 167]
941 207 1004 273 281

45 374 114 418 mare
128 359 231 419 decern
248 361 375 434 legatos
391 357 531 419 omnibus
544 358 611 418 aliis
624 354 748 418 omissis
759 359 955 433 Apolloniam
967 361 1005 422 ad

45 457 89 503 eos
106 441 211 518 pergil.
246 457 306 518 quo
330 457 400 503 cum
420 441 551 502 Perseus
573 440 696 501 obviam
718 441 897 517 Amphipoli
917 442 1007 504 nimis

45 528 127 586 soluta
146 526 288 586 custodia
303 525 567 601 processisset-
582 524 614 585 ld
629 523 689 585 diei
710 523 767 585 iter
787 532 892 586 est-
906 526 1007 602 ipsum

43 607 149 682 quidem
169 608 305 686 benigne
326 609 478 669 allocutus
494 614 555 668 estz
578 616 713 670 ceterum
728 615 895 685 postquam
911 611 941 669 in
958 627 1008 671 ca·

41 699 94 750 stre
112 692 149 752 ad
163 691 373 768 Amphipolim
395 692 493 764 venit,
516 691 649 767 graviter
669 692 865 768 increpuisse
880 692 1010 756 traditur

41 774 65 834 d.
79 773 258 851 Sulpicium,
280 775 411 852 primunr
434 775 519 852 quod
537 773 652 836 Persea
672 783 734 837 tam
748 778 857 852 procul
873 792 941 838 ase
954 793 1008 838 va-

39 858 92 932 gari
104 875 158 934 per
171 860 364 936 provinciam
379 873 493 935 passus
508 866 606 933 esset,
629 859 741 920 deinde
763 861 847 936 quod
868 861 948 923 adeo
964 861 1008 922 in-

40 941 169 1005 dulsisset
192 942 356 1019 militibus,
385 948 419 1004 ut
442 943 560 1004 nudare
585 943 695 1018 tegulis
726 959 830 1006 muros
856 944 943 1006 urbis
968 946 1008 1006 ad

39 1027 154 1100 tegenda
173 1027 375 1088 hibernacula
396 1043 454 1087 sua
475 1032 637 1102 pateretur.
657 1027 827 1104 referrique
842 1030 963 1104 tegulas
979 1037 1007 1094 el

38 1108 108 1168 reilci
122 1115 217 1186 tecta,
240 1113 322 1172 sicut
343 1112 478 1182 lucrant,
500 1110 599 1170 iussit.
620 1118 650 1171 et
669 1110 783 1171 Persea
798 1113 923 1188 quidem
940 1129 1009 1172 oum

5 1199 6 1210 ¹
38 1192 136 1254 maiore
155 1194 220 1256 filio
241 1195 384 1270 Philippo
404 1193 532 1255 traditos
553 1195 591 1253 Α.
612 1193 769 1255 Postumio
790 1195 821 1255 in
838 1196 1009 1256 custodiam

38 1276 117 1351 misit,
140 1277 235 1338 filiam
256 1295 326 1340 cum
348 1279 467 1339 minore
479 1278 542 1338 illio
557 1293 576 1337 a
590 1277 789 1339 Samothrace
804 1279 921 1340 accitos
936 1280 1007 1340 Am·

5 1413 7 1438 ,
38 1357 170 1436 phipolim
184 1363 272 1423 omni
285 1361 404 1423 liberali
419 1364 502 1423 cultu
515 1360 631 1423 habuit
652 1361 758 1422 XXIX.
781 1363 858 1439 ipse,
874 1361 926 1424 ubi
941 1363 1008 1423 dies
1053 1429 1055 1436 y

5 1447 7 1454 ’
37 1444 118 1517 venit,
144 1462 207 1522 quo
231 1447 346 1507 adesse
365 1445 545 1523 Amphipoli
559 1446 657 1507 denos
673 1447 829 1522 principes
843 1446 1007 1509 civitatium

37 1525 160 1606 iusserat,
175 1531 360 1606 litterasque
372 1546 489 1602 omnes,
504 1545 583 1607 quac
593 1530 709 1607 ubique
720 1531 881 1606 depositae
893 1539 1006 1604 essent,

5 1615 6 1620 ’
38 1617 61 1670 et
72 1614 230 1686 pecuniam
243 1614 360 1690 regiam
375 1615 516 1690 conferri,
538 1629 606 1674 oum
621 1614 729 1676 decem
745 1616 863 1690 legatis,
880 1615 1007 1675 circum-

37 1692 92 1754 lusa
105 1698 185 1757 omni
206 1697 400 1760 mullitudine
413 1698 632 1774 Macedonum,
653 1696 685 1758 in
699 1697 842 1758 tribunali
857 1697 1008 1758 consedit.

39 1776 157 1841 adsuetis
178 1781 269 1857 regio
290 1781 419 1858 imperio
439 1789 541 1842 tamen
563 1797 678 1842 novum
700 1782 828 1842 formam
842 1778 1008 1840 terribilem

38 1863 159 1932 praebuit
172 1866 308 1926 tribunal
322 1872 474 1926 summoto
489 1865 618 1939 aditum,
640 1879 764 1940 praeco,
779 1878 946 1937 accensus,
961 1860 1007 1922 in-

6 1983 8 2038 ,
38 1951 110 2006 sueta
124 1949 230 2010 omnia
244 1949 343 2011 oculis
358 1950 561 2024 auribusque3
586 1963 666 2024 quae
686 1948 735 2007 vel
751 1947 872 2021 socios,
893 1946 1006 2006 nedum

6 2041 8 2080 t
38 2024 126 2092 hostes
149 2032 253 2094 victos
277 2040 393 2094 terrere
419 2039 558 2109 possent.
589 2030 711 2092 silentio
737 2047 794 2107 per
818 2045 1005 2106 praeconem

6 2083 10 2228 ι
38 2108 117 2188 lacto,
138 2115 255 2179 Paulus
271 2115 386 2192 Latine,
405 2133 484 2193 quae
499 2116 634 2192 senatui,
656 2131 737 2191 quae
759 2113 817 2177 sibi
833 2129 873 2174 ex
888 2113 1007 2176 consilii

7 2231 9 2280 t
39 2199 171 2260 sententia
185 2201 258 2261 visa
273 2209 387 2274 essent,
404 2200 619 2277 pronuntiavit.
642 2215 680 2261 ea
691 2201 744 2261 Cn.
758 2199 904 2261 Octavius
916 2213 1006 2275 prae-

7 2327 9 2380 ,
37 2282 74 2337 lor
87 2315 114 2326 -
135 2300 209 2345 nam
225 2291 255 2346 et
268 2284 338 2360 ipse
353 2285 460 2346 aderat
474 2319 510 2329 —
523 2285 721 2360 interpretata
732 2298 876 2346 sermone
888 2283 1006 2343 Graeco

7 2381 10 2443 t
37 2363 181 2429 referebat,
195 2367 331 2430 omnium
342 2368 474 2444 primum
483 2368 597 2430 liberos
610 2383 682 2429 esse
694 2367 1005 2439 inbereMacedonas,

37 2441 168 2513 habentes
189 2453 286 2513 urbes
307 2454 433 2514 easdem
454 2467 623 2528 agrosque,
645 2458 769 2512 utentes
790 2449 910 2525 legibus
930 2447 1005 2521 suis,

38 2542 139 2594 annuos
165 2542 309 2598 creantes
334 2537 547 2612 magistratus;
579 2534 722 2596 tributum
751 2531 908 2592 dimidium
939 2530 1006 2590 eius

8 2585 10 2692 ξ
40 2617 109 2686 quod
122 2620 347 2696 pependissent
360 2619 494 2695 regibus,
510 2619 647 2695 pendere
658 2618 776 2694 populo
788 2616 938 2676 Romano.
953 2613 1006 2672 de-

37 2693 96 2758 inde
108 2701 137 2761 in
153 2711 299 2778 quattuor
313 2705 457 2784 regiones
472 2702 568 2762 dividi
582 2700 810 2762 Macedoniam:
832 2712 924 2758 unam
940 2698 1007 2757 iore

38 2783 194 2856 opnmam
208 2795 326 2864 partem
349 2788 432 2863 qnod
448 2787 513 2862 egri
527 2787 607 2847 inter
620 2783 816 2863 Strymonem
831 2788 862 2842 et
874 2781 1007 2842 Nessum

9 2881 11 2931 l
38 2875 141 2931 tunam
155 2871 204 2944 sit,
222 2887 421 2932 accessurum
436 2869 507 2932 huic
523 2870 601 2944 parti
616 2878 700 2930 trans
712 2869 843 2928 Nessum
856 2866 895 2926 ad
907 2865 1006 2927 orien-

10 2957 11 2960 ’
37 2949 86 3010 ten
97 2969 231 3030 versum,
253 2971 315 3030 qua
328 2955 461 3017 Perseus
475 2955 627 3016 tenuisset
637 2954 725 3013 vicos
742 2952 867 3012 castella
881 2950 1005 3028 oppida,

38 3042 144 3102 praeter
163 3040 285 3100 Aenum
307 3046 338 3099 et
356 3038 535 3100 Maroneam
556 3045 586 3098 et
605 3037 746 3107 Abdera3
766 3042 850 3096 bans
866 3035 1006 3114 Strymo·

10 3127 11 3134 ’
39 3127 94 3177 uem
107 3129 208 3183 autem
222 3123 382 3198 vergentia
396 3123 436 3183 ad
448 3136 603 3196 occasum,
618 3121 792 3182 Risaltioam
805 3134 926 3180 omnem
938 3133 1007 3178 cunr

38 3192 179 3281 Heraclea,
196 3223 289 3283 quam
304 3205 441 3268 Sinticen
458 3206 624 3280 appellant.
640 3204 808 3266 secundam
824 3204 891 3264 lore
905 3200 1005 3274 regio-

39 3293 109 3360 nem,
124 3305 216 3364 quam
230 3291 270 3350 ab
285 3297 354 3351 ortu
369 3290 492 3368 Strymo
508 3291 742 3364 amplecteretur
757 3286 871 3358 amnis,
885 3290 1007 3359 praeter

40 3359 158 3432 Sinticen
179 3374 361 3435 Heracleam
382 3381 412 3434 et
431 3372 579 3444 Bisaltas;
614 3372 652 3432 ab
675 3386 803 3443 occasu,
830 3383 892 3442 qua
906 3365 1005 3426 Axius

39 3451 198 3519 terminaret
212 3456 344 3532 fluvius,
370 3456 482 3517 additis
497 3455 684 3530 Paeonibus,
712 3451 764 3528 qui
779 3466 879 3527 prope
894 3448 1006 3510 Axium
