2424 3872
367 605 512 699 'llll
549 607 693 702 hlVl

238 802 241 808 .
322 754 376 815 ΑΒ
405 755 520 817 URBE
550 753 752 820 CONDITA

404 871 514 936 LIBER
535 871 665 934 xxxix.

82 1075 210 1127 PITOME.
231 1075 266 1127 M.
279 1074 402 1124 Aemilius
421 1077 507 1127 consul
526 1078 662 1144 Liguribus
680 1073 790 1127 subsbtis
808 1081 876 1130 viam
892 1082 1026 1134 aPlecen-

96 1146 133 1194 tia
147 1159 232 1206 usqne
250 1143 284 1193 ad
292 1145 434 1194 Ariminum
446 1147 595 1212 perductam
604 1147 742 1197 Flaminiae
751 1148 841 1196 iunxit.
869 1149 1024 1201 initisluxu-

97 1214 148 1262 r'rsc
162 1212 288 1262 inurbem
302 1212 444 1264 introducta
458 1217 489 1265 ab
499 1217 610 1265 exercitu
619 1215 730 1266 Asiatico
745 1213 894 1268 referuntur.
918 1217 1024 1284 Ligures

101 1283 251 1343 quicumque
270 1283 331 1330 citra
350 1282 509 1347 Apenninum
527 1292 613 1348 erant,
631 1284 728 1334 subacti
746 1289 812 1332 sunt.
847 1283 1023 1346 Bacchanalia,

97 1363 194 1398 sacrum
207 1346 332 1398 Graecum
350 1357 374 1398 et
392 1359 556 1412 nocturnum,
580 1351 704 1402 scelerum
723 1353 835 1400 omnium
850 1354 1022 1418 seminarium,

98 1433 153 1467 cum
170 1417 206 1466 ad
223 1417 334 1482 ingentis
349 1418 438 1467 turbae
456 1420 653 1470 coniurationem
662 1421 827 1484 pervenisset,
846 1423 1023 1472 sconsulein·

97 1487 251 1550 vestigatum
275 1491 298 1534 et
315 1485 451 1535 multorum
467 1502 551 1552 poena
574 1488 700 1538 sublatum
719 1497 763 1538 est.
795 1503 809 1536 a
827 1491 975 1542 censoribus
993 1491 1023 1540 L.

99 1554 203 1604 Valerio
226 1553 314 1604 Flacco
339 1560 364 1603 et
380 1553 414 1604 Μ.
433 1554 521 1606 Porcio
540 1555 646 1622 (latone,
671 1564 695 1606 et
713 1556 773 1607 belli
791 1565 815 1604 et
832 1560 904 1622 pacis
928 1561 1023 1608 artibus

95 1623 219 1687 maximo,
237 1630 321 1671 motus
338 1629 377 1671 est
394 1629 482 1674 senatu
499 1625 528 1672 L.
549 1624 679 1684 Quinctius
697 1625 852 1675 Flamininus
868 1625 895 1678 T.
917 1625 1024 1685 Quinctii

96 1691 185 1753 halec,
204 1705 235 1740 eo
253 1690 321 1753 quod
340 1705 396 1739 cnm
415 1690 519 1740 Galliam
537 1694 692 1758 provinciam
712 1692 798 1743 consul
817 1694 966 1759 obtinuerat,
984 1710 1024 1744 ro·

96 1768 172 1825 gatus
188 1759 215 1808 in
234 1759 349 1809 convivio
368 1774 383 1808 a
400 1759 516 1826 Philippo
533 1761 632 1826 Poeno,
653 1775 727 1823 quem
745 1762 860 1826 amabat,
879 1770 961 1813 sccuo
979 1778 1024 1813 no-

94 1830 149 1895 bili,
168 1825 270 1878 Gallum
288 1827 415 1889 quendam
432 1843 479 1878 sue
496 1843 573 1878 manu
591 1830 728 1887 occiderat;
745 1830 798 1878 sive
814 1836 842 1878 nt
859 1830 961 1892 quidam
974 1836 1024 1880 tra·

97 1897 232 1962 (fiderunt,
254 1911 334 1945 unum
351 1911 383 1946 ex
401 1897 525 1946 damnatis
542 1897 624 1946 securi
640 1902 799 1960 percusserat
816 1904 920 1960 rogatus
939 1912 954 1946 s
971 1912 1024 1946 me·
1100 1935 1109 1954 ,

94 1965 187 2016 tetrice
207 1965 353 2014 Placentina
360 1998 367 2024 ,
392 1965 463 2014 cuius
485 1979 572 2014 amore
595 1964 734 2028 deperibat.
768 1970 850 2012 exstru
867 1963 901 2017 Μ.
922 1962 1024 2014 Catonis

93 2033 176 2084 oratio
192 2035 220 2082 in
237 2047 303 2083 eum.
324 2030 408 2096 Scipio
419 2033 513 2084 Literni
529 2033 645 2092 decessit,
665 2039 689 2081 et
701 2037 829 2095 tamquam
840 2031 960 2098 iungente
973 2032 1024 2084 for·

92 2110 158 2152 tuna
175 2103 243 2152 circa
258 2101 325 2151 idern
343 2107 442 2166 tempus
465 2103 516 2151 duo
533 2101 622 2151 lunera
639 2102 806 2151 maximorum
821 2101 940 2167 virorum,
957 2101 1023 2152 llan-

95 2169 167 2220 nibal
186 2186 201 2220 a
219 2169 307 2219 Prusia
323 2167 455 2235 Bithyniae
473 2185 550 2234 rege,
568 2169 602 2220 sd
619 2184 693 2232 quem
711 2171 778 2221 victo
794 2167 919 2220 Antiocho
937 2169 1023 2220 conlu-

92 2246 179 2304 εει-αῖ,
205 2253 262 2287 curn
283 2237 417 2287 dederetur
433 2237 564 2298 Romanis,
587 2239 630 2300 qui
648 2239 682 2286 ad
699 2236 887 2304 exposcendum
904 2237 975 2288 illum
992 2239 1022 2290 Τ.

96 2307 241 2366 Quinctium
261 2307 428 2356 Flamininum
453 2307 585 2367 miserant,
612 2321 707 2357 veneno
730 2307 779 2356 sibi
801 2313 906 2356 mortem
926 2308 1023 2357 consci-

92 2376 140 2426 vit.
166 2375 346 2440 Philopoemen
365 2391 465 2439 quoque
484 2377 536 2427 dux
544 2375 712 2440 Achaeorum,
729 2375 770 2424 vir
781 2375 914 2435 maximus,
933 2376 1023 2425 aliles·

94 2443 174 2495 seniis
193 2445 291 2494 occisus
309 2457 421 2508 veneno,
446 2459 503 2493 cum
521 2444 552 2492 ab
569 2444 601 2493 iis
616 2443 682 2493 bello
700 2451 790 2508 captus
809 2451 885 2493 esset.
911 2443 1023 2493 coloniae

93 2513 209 2562 Potentia
227 2521 252 2562 et
269 2513 400 2562 Pisaurum
420 2519 444 2560 et
465 2513 560 2562 Mutina
577 2519 601 2561 et
615 2513 706 2562 Perrua
723 2511 845 2561 deductae
861 2518 928 2565 sunt.
951 2526 1023 2576 prae-

92 2589 163 2631 terea
180 2595 222 2631 res
241 2582 363 2632 adversus
373 2579 510 2630 celtiberos
528 2595 648 2645 prospere
666 2587 751 2645 gestas
765 2586 788 2628 et
802 2580 874 2628 initia
884 2592 1023 2642 causasque

93 2649 154 2699 helii
172 2649 330 2699 Macedonici
349 2649 472 2708 continet;
490 2650 562 2698 euius
581 2649 652 2712 origo
669 2649 729 2697 inde
746 2647 826 2709 linxit,
844 2646 913 2708 quod
930 2645 1024 2710 Philip-

93 2731 145 2782 pus
162 2733 239 2783 aegre
259 2717 355 2767 ferebat
374 2731 481 2782 regnum
493 2731 573 2768 suum
592 2715 705 2765 imminui
722 2731 737 2764 a
755 2715 890 2779 Romanis,
915 2721 940 2762 ct
956 2715 1024 2778 qnod

96 2792 229 2852 cogeretur
246 2801 261 2834 a
277 2785 416 2835 Thracibus
433 2785 540 2848 aliisque
556 2785 618 2834 locis
636 2783 765 2849 praesidia
782 2782 914 2832 deducere.

129 2889 152 2946 1.
179 2890 259 2949 Dum
274 2887 366 2962 haec,
393 2887 526 2948 simodo
547 2887 606 2946 hoc
623 2901 701 2946 anno
717 2889 785 2943 actu
800 2889 887 2956 sunt,
908 2882 1023 2943 Romae

52 2979 185 3046 aguntur,
205 2973 350 3032 consules
366 2971 455 3030 ambo
470 2969 501 3030 in
515 2970 677 3044 Liguribus
692 2967 839 3042 gerebant
852 2964 973 3025 bellum.
997 2965 1023 3024 is

51 3051 144 3115 hostis
158 3056 243 3114 velut
259 3061 348 3114 natus
365 3053 404 3113 ad
419 3054 632 3113 continendam
649 3053 726 3112 inter
739 3063 918 3123 magnorum
933 3049 1020 3110 inter

52 3139 125 3197 valla
144 3138 294 3198 bellorum
311 3137 458 3196 Romanis
477 3134 636 3195 militarem
657 3133 849 3206 disciplinam
864 3137 943 3202 erat;
966 3147 1025 3191 uec

53 3220 106 3278 alia
127 3217 285 3295 provincie
306 3219 429 3280 militem
450 3220 548 3294 magis
571 3220 610 3278 ad
627 3218 766 3289 virtutem
785 3214 921 3274 acuebat.
954 3230 1026 3273 narn

53 3301 120 3362 Asia
135 3311 164 3364 et
178 3303 361 3364 amoenitate
378 3301 497 3362 urbium
512 3309 543 3362 et
557 3301 647 3376 copia
662 3298 848 3359 terrestrium
862 3297 1024 3358 maritime-

53 3397 175 3462 rumque
196 3402 296 3446 rerum
312 3393 342 3446 et
355 3385 479 3456 mollitia
493 3385 626 3446 hostiurn
641 3383 795 3456 regiisque
809 3379 921 3454 opibus
936 3377 1024 3436 ditio-

54 3481 97 3528 res
112 3485 205 3545 quarn
219 3468 361 3530 fortiores
378 3469 529 3529 exercitus
545 3467 683 3537 iaciebat.
717 3463 881 3538 praecipue
897 3459 954 3518 sub
969 3459 1026 3514 im-

89 3569 112 3612 τ,
127 3570 191 3613 rrvr
204 3569 279 3613 raus
293 3555 331 3612 V.
798 3553 810 3602 1
