2368 3858
438 215 647 270 rmattuurn.
1000 239 1031 284 1,

47 366 112 416 datis
136 368 299 432 praeceptis,
326 363 418 428 quibus
436 367 570 418 itineribus
588 368 693 419 duceret
709 367 742 418 ad
759 367 932 421 deleudendas
948 374 1032 424 socias

46 436 129 494 urbes,
150 449 215 496 quas
226 435 363 501 Pompeius
381 443 549 502 oppugnaret,
568 437 710 500 quibusque
728 438 813 502 ipsum
824 453 916 504 agmen
927 441 1032 506 Pompei

47 519 76 554 ex
94 503 201 554 insidiis
218 503 409 569 adgrederetur.

94 571 195 621 Eodem
216 579 331 636 tempore
353 581 377 621 et
396 571 429 623 ad
447 573 655 632 Herennuleium,
678 574 766 636 quiin
785 575 866 625 isdem
888 576 952 627 locis
971 587 1031 640 erat,

45 640 141 689 litteras
159 641 244 701 misit,
269 648 293 690 et
311 641 337 689 in
355 641 458 691 alteram
476 643 632 707 provinciam
651 641 685 692 ad
700 644 730 696 L.
749 643 915 706 Hirtuleium,
933 647 1031 710 praeci-

44 711 125 774 piens,
145 724 223 772 quem
242 709 397 760 admodum
416 711 512 760 bellum
527 711 698 762 administrari
717 711 804 766 vellet:
822 721 880 764 ante
892 715 986 780 amnia,
1004 723 1033 764 ut

45 779 77 826 ita
96 779 183 826 socias
203 778 318 828 civitates
335 787 457 841 tueretur,
477 795 509 830 ue
521 780 645 830 acierum
658 779 760 832 Metello
773 782 911 842 dimicaret,
930 784 972 834 cui
983 798 1031 834 nec

46 847 197 896 auctoritate
220 861 268 896 uec
290 847 387 896 viribus
407 857 547 914 parasset.
583 864 615 898 ne
633 850 684 915 ipsi
702 851 804 914 quidem
821 851 954 902 consilium
974 867 1031 902 esse

45 915 136 964 duasne
154 915 284 965 adversus
295 915 459 980 Pompeium:
477 932 560 980 neque
578 918 605 966 in
620 919 700 967 aciem
713 919 892 970 descensurum
905 936 963 971 eum
976 937 1031 970 cre-

46 984 131 1034 debat.
164 985 187 1033 si
203 983 342 1034 traheretur
359 983 466 1052 betium,
483 985 552 1036 hosti
569 1002 627 1036 cum
646 1001 715 1037 mare
730 989 761 1038 ab
775 997 856 1054 tergo,
872 991 1029 1054 provincias·

45 1068 92 1115 que
110 1067 201 1102 omnes
214 1053 240 1102 iu
252 1060 380 1118 potestate
391 1054 505 1120 haberet,
524 1056 631 1105 navibus
644 1056 756 1118 undique
768 1065 924 1108 commeatus
942 1067 1030 1108 ventu-

1 1155 2 1189 ,
44 1135 99 1171 ros:
118 1122 170 1186 ipsi
182 1130 276 1182 autem,
294 1125 450 1188 consumptis
462 1123 549 1188 priore
561 1131 657 1173 aestate
670 1139 734 1186 quae
746 1134 899 1190 praeparata
911 1126 1029 1188 inissent,

1 1195 2 1246 ζ
45 1190 159 1240 omniunt
180 1205 264 1240 rerum
287 1191 401 1257 inopiam
424 1191 487 1242 lore.
519 1191 672 1257 Perpernam
689 1193 715 1242 iu
732 1194 884 1244 maritimam
900 1195 1031 1261 regionem

44 1259 245 1325 superpositum,
261 1267 290 1308 ut
300 1275 339 1325 ea,
359 1276 424 1325 quae
436 1261 535 1326 integra
548 1261 632 1310 adhuc
643 1262 674 1310 ab
690 1261 764 1312 hoste
775 1263 834 1326 sint,
855 1263 919 1312 tueri
932 1271 1029 1328 posset,

1 1345 3 1404 ᾖ
44 1335 79 1388 et,
98 1329 121 1378 si
140 1343 192 1390 qua
210 1329 309 1378 occasio
327 1330 413 1389 datur,
435 1329 552 1380 incautos
575 1344 622 1394 per
639 1338 739 1396 tempus
756 1331 946 1396 adgressurum.
975 1332 1030 1396 ipae

45 1413 101 1446 cum
119 1411 168 1446 suo
186 1397 300 1446 exercitu
317 1398 344 1446 in
355 1399 468 1448 Berones
487 1406 511 1447 et
523 1399 673 1450 Autricones
688 1400 808 1464 progredi
827 1401 927 1459 statuit;
947 1401 1029 1462 aqui-

43 1467 90 1515 bus
107 1479 186 1530 saepe
204 1480 251 1531 per
265 1464 384 1527 hiemem,
403 1481 461 1516 cum
476 1469 507 1516 ab
525 1482 552 1516 se
565 1475 773 1534 oppugnarentur
785 1467 929 1519 Celtiberae
945 1470 1029 1528 urbes,

1 1533 19 1597 ᾗ
43 1533 208 1600 imploratam
230 1548 288 1584 esse
307 1548 382 1600 opem
400 1537 505 1600 Pompei
523 1544 692 1601 compererat,
715 1537 858 1602 missosque
878 1541 921 1602 qui
939 1539 1030 1587 itinera

1 1611 3 1663 t
44 1603 165 1654 exercitui
177 1603 293 1652 Romano
311 1611 490 1663 monstrarent;
511 1612 535 1668 et
553 1605 665 1668 ipsorum
681 1606 809 1670 equitibus
827 1614 934 1656 vexatos
952 1621 1030 1670 saepe

1 1704 3 1722 t
44 1671 139 1722 milites
163 1687 239 1733 suos,
267 1687 426 1736 quocumque
443 1687 459 1722 a
477 1673 566 1722 castris
584 1688 631 1740 per
647 1676 861 1740 oppugnationem
880 1671 1029 1724 Contrebiae

1 1744 3 1795 t
45 1741 184 1806 pabulandi
199 1749 244 1790 aut
266 1741 438 1792 frumentandi
458 1756 534 1791 causa
553 1744 781 1806 progrederentur.
820 1743 877 1791 ausi
894 1749 948 1790 tum
967 1756 1029 1804 quo-

1 1821 2 1877 j
46 1825 93 1873 que
108 1817 185 1859 eram
201 1811 331 1860 meracas
349 1811 374 1860 in
386 1816 476 1874 partes
491 1811 636 1861 sollicitare.
668 1811 736 1860 edito
751 1813 827 1876 ipintr
845 1808 1029 1872 exemplobslli
1093 1821 1098 1830 ·

1 1890 2 1914 ³
46 1877 181 1928 consilium
192 1892 221 1928 se
234 1878 366 1945 initurum,
375 1887 460 1928 utrum
473 1879 545 1944 prius
557 1877 666 1938 hostem,
677 1885 760 1929 utram
772 1879 931 1944 provinciam
943 1885 1029 1940 perot:

0 1966 2 1971 ’
46 1948 233 1998 maritimamne
243 1961 324 2012 oram,
340 1955 368 1996 ut
376 1947 526 2011 Pompeium
537 1948 568 1997 ab
578 1947 718 1997 Ilercaonia
728 1955 752 1996 et
761 1947 926 1997 Contestania
935 1953 1029 2010 arceat,

47 2025 150 2078 utraque
168 2016 239 2065 socia
257 2023 343 2081 gente,
361 2031 393 2064 an
411 2016 444 2066 ad
462 2015 592 2066 Metellum
611 2023 635 2065 et
652 2015 810 2066 Lusitaniam
829 2030 857 2066 se
873 2023 1012 2066 convertat.

93 2085 162 2136 liaeo
178 2099 266 2134 secum
284 2085 385 2150 agitans
403 2082 529 2134 Sertorius
547 2091 648 2150 praeter
664 2084 785 2134 Hiberum
803 2099 903 2134 amnem
921 2097 967 2150 per
982 2097 1029 2148 pa·

0 2171 1 2174 ¹
47 2162 113 2203 catos
131 2167 210 2218 agros
229 2153 344 2216 quietum
363 2154 501 2203 exercitum
520 2155 575 2202 sine
598 2151 676 2202 ullius
694 2167 762 2202 noxa
779 2154 859 2204 duxit.
896 2152 1029 2218 proiectus

1 2233 3 2285 t
47 2223 103 2271 tude
116 2223 143 2271 in
157 2221 319 2271 Bursaonum
338 2228 362 2271 et
374 2220 580 2272 Cascantinorum
593 2229 618 2270 et
629 2220 865 2272 Graccuritanorum
879 2221 951 2281 lines,
970 2235 1029 2272 eva·

1 2301 3 2355 t
47 2291 115 2340 statis
139 2291 259 2340 omuibus
281 2289 485 2356 proculcatisque
508 2291 652 2354 segetibus,
680 2291 713 2340 ad
731 2290 877 2358 calagurim
899 2289 1027 2348 Nasicam,

47 2361 176 2410 sociorum·
189 2360 297 2420 urbem,
316 2360 399 2417 venit3
426 2367 649 2424 transgressusque
667 2374 767 2409 amnem
784 2361 954 2426 propinquum
972 2359 1029 2407 urbi

1 2431 2 2480 ἶ
47 2432 120 2490 ponte
141 2427 212 2478 iacto
235 2435 320 2478 castra
336 2428 431 2492 posuit.
463 2435 565 2494 postero
584 2428 626 2478 dia
644 2428 678 2477 M.
697 2427 806 2478 Marium
824 2435 985 2490 quaestorem
1002 2427 1028 2475 in

1 2510 2 2545 ς
48 2499 172 2547 arevacos
191 2504 215 2546 et
227 2495 384 2546 Cerindones
402 2496 472 2546 misit
489 2497 521 2546 ad
538 2497 734 2546 conscribendos
751 2511 784 2545 ex
803 2496 835 2545 iis
848 2493 967 2561 gentibus
980 2495 1028 2542 mi·

1 2570 2 2614 Ξ
47 2562 109 2625 lites,
120 2565 329 2628 frumentumque
340 2565 400 2614 iude
409 2565 579 2625 Contrebiam,
590 2580 656 2629 quae
664 2564 785 2614 Leucada
796 2563 947 2628 appellatur,
959 2577 1028 2610 coru·

1 2628 3 2697 ᾗ
48 2635 207 2699 portandum,
214 2643 316 2698 praeter
324 2647 401 2696 qnam
410 2634 499 2684 urbem
509 2633 742 2698 opportunissimus
752 2647 785 2682 ex
790 2631 930 2681 Beronibus
937 2632 1028 2684 transi-

47 2709 84 2751 tus
96 2709 156 2766 arat,
173 2705 200 2752 in
211 2717 399 2766 quamcumque
407 2703 539 2768 regionem
549 2702 641 2752 ducere
655 2701 792 2751 exercitum
801 2700 943 2749 statuisset:
962 2705 986 2747 et
999 2697 1026 2747 C.

1 2793 2 2830 3
47 2770 172 2832 instalum,
180 2772 341 2836 praelectum
352 2772 475 2835 equitum,
486 2769 623 2836 Segouiam
632 2777 656 2820 et
665 2770 691 2819 in
701 2771 873 2820 vaccaeorum
883 2774 985 2834 gentem
995 2767 1028 2816 ad

1 2841 3 2898 t
48 2839 154 2902 equitum
171 2841 384 2903 conquisitionem
393 2841 472 2901 misit,
485 2841 585 2890 iussum
602 2854 660 2889 cum
674 2839 804 2903 equitibus
815 2835 963 2888 Contrebiae
972 2850 1028 2886 sese

48 2911 163 2972 opperiri.
185 2906 298 2960 duuissis
310 2909 342 2958 iis
359 2908 416 2976 ipse
429 2908 569 2974 proiectus,
586 2923 633 2973 per
640 2909 786 2958 Vasconum
795 2921 885 2973 agrum
898 2907 973 2958 ducto
984 2919 1028 2956 ex·

49 2977 129 3044 eroim,
145 2979 173 3028 in
183 2977 293 3028 couiiuio
302 2978 428 3028 Beronum
444 2978 632 3042 posuitcastra.
656 2985 759 3043 postero
774 2977 816 3027 die
831 2991 887 3026 curn
900 2976 1027 3040 equitibus

1 3042 3 3111 ζ
47 3057 208 3110 praegressus
226 3047 259 3096 ad
278 3047 369 3096 itinera
380 3045 544 3110 exploranda,
556 3046 627 3096 iusso
637 3047 724 3112 pedite
737 3045 858 3110 quadrato
872 3047 975 3112 agmine
987 3059 1027 3093 se-

47 3113 93 3174 qui,
110 3115 143 3165 ad
159 3116 297 3174 Vareiam,
318 3115 504 3166 validissimam
526 3115 638 3180 regionis
657 3116 711 3165 eius
729 3115 832 3174 urbem,
854 3115 931 3166 veuit.
959 3111 1028 3162 haud

1 3204 3 3248 l

1 3178 2 3197 ¹
47 3183 232 3247 inopinantibus
249 3185 281 3234 iis
300 3191 376 3234 noctu
394 3184 538 3233 advenerat.
557 3183 675 3246 Undique
693 3185 821 3246 equitibus
833 3190 857 3232 et
874 3195 935 3232 suae
945 3180 1027 3245 gentis

46 3259 66 3298 et
81 3253 250 3304 Autricomarr.
283 3253 324 3304 De
341 3252 387 3304 boc
401 3253 556 3317 fragmento,
575 3253 642 3316 quod
654 3255 760 3315 prinum
778 3269 795 3302 a
811 3252 923 3302 Bruneio
941 3255 966 3298 et
982 3247 1028 3296 Iu·

1 3327 2 3332 ’
45 3323 149 3381 imario,
174 3307 266 3375 miride
284 3337 300 3370 a
320 3320 456 3372 Niebubria
480 3335 515 3370 em
534 3320 618 3370 codice
639 3323 763 3372 Vaticano
787 3320 876 3370 editum
895 3331 949 3368 ease
969 3329 1026 3365 corr-

41 3391 164 3509 rtagigid.
183 3389 333 3456 Kreyssigii
344 3389 386 3439 ecl.
403 3390 472 3438 Livii
492 3387 553 3462 Tom-
573 3388 598 3437 I.
611 3403 639 3451 p.
656 3389 761 3440 LXVI.
779 3403 834 3453 sqq.
854 3393 879 3436 et
894 3384 961 3435 Tora.
971 3383 991 3434 I
993 3385 1025 3436 V.

1 3466 3 3474 '
40 3467 65 3510 n.
133 3473 217 3524 .sqq.
