2328 3870
138 227 200 294 150
286 228 401 289 LIBER
415 227 502 286 XLII.
525 226 608 288 Cap.
624 237 666 290 25.
679 237 722 290 26.
746 230 782 306 [a.
797 233 832 286 U.
849 249 872 285 c.
887 229 947 305 580]

138 395 169 447 et
183 385 208 446 si
223 386 253 444 in
269 383 403 444 animum
416 379 609 454 inducerent,
624 387 657 441 ut
671 395 710 440 ex
727 393 825 457 aequo
842 379 950 439 foedus
966 377 1075 453 lieret,
1099 387 1126 440 et

140 487 176 530 sn
191 468 328 528 risurum
344 466 418 541 quid
432 463 491 525 sibi
506 463 681 524 faciundum
697 472 789 536 esset,
806 471 836 526 et
849 463 918 523 illos
933 462 1065 522 credere
1082 463 1125 522 rei

139 551 280 647 publicae
296 551 503 611 consulturos.
527 557 618 624 atque
639 548 679 606 ita
703 559 738 607 se
757 547 967 623 proripuisse,
989 554 1023 606 et
1038 555 1125 606 stam·

139 633 257 698 moveri
271 650 289 712 e
297 633 389 708 regia
404 646 511 692 omnes
528 640 666 707 coeptos.
687 638 748 692 turn
761 646 796 691 se
807 629 966 691 amicitiam
978 635 1009 690 et
1021 629 1125 690 socie·

139 726 232 781 tatem
257 704 461 777 renuntiasse.
496 732 558 792 qua
582 729 658 775 voce
684 730 754 776 eum
778 729 942 775 accensum
965 713 1126 774 restitisse

140 811 233 877 atque
248 817 326 862 voce
339 800 421 860 clara
437 799 644 859 denuntiasse
650 797 717 871 sibi,
740 805 773 858 ut
786 797 885 859 triduo
900 797 985 874 regni
1002 796 1053 858 sui
1071 797 1125 856 de

141 886 287 946 cederent
302 883 430 944 linibus:
452 884 495 944 ita
510 899 544 943 se
558 884 732 958 proiectos;
756 897 812 941 nec
834 881 892 942 sibi
906 888 958 941 aut
971 883 1124 942 cententi-

139 971 192 1030 bus
218 977 271 1028 aut
298 965 490 1027 manentibus
518 967 680 1049 quicquam
706 965 895 1041 hospitaliter
915 972 966 1025 aut
984 963 1125 1039 benigne

139 1055 261 1114 lactum.
283 1051 421 1111 Thessali
442 1049 554 1111 deinde
575 1048 739 1127 Aetolique
757 1049 847 1124 legati
861 1047 964 1109 auditi.
988 1047 1123 1120 senatui,

139 1143 173 1196 ut
187 1131 301 1196 scirent
316 1151 406 1212 quarn
422 1133 613 1209 primumi
562 1134 673 1209 qubus
685 1129 814 1194 ducibus
825 1147 919 1192 usura
930 1147 979 1191 res
996 1131 1125 1206 publica

139 1225 232 1294 esset,
245 1221 360 1280 litteras
372 1217 446 1278 mitti
458 1217 636 1278 consulibus
647 1217 768 1293 placuit,
786 1223 1013 1276 ututereorum
1025 1221 1123 1287 esset,

139 1304 270 1365 Romam
291 1303 332 1362 ad
351 1301 545 1376 magistratus
568 1295 718 1361 creandos
739 1299 865 1360 veniret.
908 1293 1017 1360 xxvt.
1048 1295 1124 1358 ιιιιιιι

139 1401 337 1461 magnopere,
353 1385 435 1460 quod
452 1385 613 1445 memorari
627 1384 760 1456 attineat
775 1381 972 1458 reipublicae
985 1397 1024 1443 eo
1037 1397 1122 1442 anno

139 1469 285 1528 consides
305 1474 476 1544 gesserant.
498 1468 596 1543 magis
617 1483 634 1526 e
650 1483 684 1525 re
706 1468 826 1543 publiea
840 1468 938 1527 visum
954 1472 1021 1526 erat
1035 1481 1121 1526 com·

138 1552 226 1628 primi
242 1566 279 1610 ac
293 1549 394 1610 sedari
410 1558 611 1626 exasperatos
625 1550 763 1626 Ligures.

225 1635 299 1694 Cum
320 1633 552 1694 Macedonicum
575 1634 686 1694 bellum
709 1641 952 1712 exspectaretur,
975 1633 1123 1693 Gentium

139 1734 264 1796 quoque
279 1717 451 1794 lllyriorum
466 1732 570 1793 regern
585 1726 763 1793 suspectum
778 1719 918 1780 Issenses
930 1717 1023 1792 legati
1038 1718 1122 1775 iere

140 1810 224 1876 runt,
247 1803 336 1864 simul
353 1803 452 1877 questi
467 1801 545 1862 fines
562 1819 636 1863 suos
653 1803 791 1863 secundo
807 1801 1002 1878 populatum,
1026 1799 1122 1860 simul

138 1888 312 1949 nuntiantes
324 1903 386 1947 uno
399 1885 500 1948 animo
512 1887 614 1946 vivere
624 1881 826 1947 Macedonum
839 1879 930 1960 atque
942 1882 1123 1962 Illyriorum

138 1987 256 2048 regern,
284 1971 437 2031 communi
462 1969 590 2031 consitio
607 1985 725 2046 ,parare
749 1968 895 2031 Romanis
920 1967 1055 2035 bellu1n;
1092 1973 1123 2026 et

138 2055 244 2130 speeie
259 2055 427 2127 legatorum
442 2053 563 2132 Illyrios
579 2055 789 2128 speculatores
804 2055 920 2115 Romae
936 2064 1008 2113 esse
1023 2049 1123 2110 Perse

137 2144 263 2196 auctore
278 2135 402 2209 missos,
425 2144 458 2196 ut
472 2136 546 2212 quid
560 2143 701 2210 ageretur
715 2139 837 2197 scirent.
857 2133 953 2214 illyrii
967 2135 1074 2195 vocati
1090 2134 1121 2194 in

138 2226 294 2286 senatum;
319 2219 371 2292 qui
392 2234 461 2279 cum
482 2221 600 2297 legatos
621 2235 655 2280 se
671 2234 742 2280 esse
759 2222 872 2282 missos
890 2220 928 2279 ab
943 2235 1018 2294 rege
1035 2219 1121 2278 diee-

136 2307 205 2361 rent
220 2301 259 2361 ad
273 2301 436 2377 purganda
449 2302 584 2376 crimina,
600 2303 626 2362 si
641 2320 702 2379 qua
718 2303 756 2364 de
770 2319 844 2380 rege
856 2305 998 2365 Issenses
1015 2302 1121 2362 deser

137 2393 214 2458 rent,
231 2387 411 2460 quaesitum,
428 2386 539 2462 ecquid
553 2387 594 2446 ita
608 2403 669 2448 non
685 2388 823 2449 adissent
836 2385 1065 2463 magistratum,
1086 2393 1122 2446 ut

136 2485 175 2528 ox
197 2470 331 2531 instituto
352 2471 421 2530 loca
440 2470 533 2531 lautia
553 2471 741 2550 acciperent,
763 2470 892 2533 sciretur
913 2470 1051 2566 denique
1065 2485 1121 2528 ve

136 2551 221 2614 nisse
236 2571 300 2625 eos,
317 2561 347 2615 et
361 2570 456 2630 super
472 2571 533 2636 qua
548 2571 580 2613 re
596 2555 759 2616 ιιιιιεειιιι.
782 2554 1029 2615 haesitantibus
1020 2571 1052 2613 m
1070 2567 1121 2611 re·
1130 2577 1135 2584 ·
1155 2560 1158 2561 *

134 2654 264 2714 sponso,
275 2646 308 2699 ut
319 2653 402 2698 cuna
410 2639 604 2712 excederent
618 2637 745 2698 ιιιιιιιιιιι
760 2654 946 2715 responsum
957 2643 1122 2712 tamquam
1141 2703 1143 2706 ¹

133 2722 257 2796 legatis,
279 2721 378 2797 utqui
393 2713 630 2794 adiresenatum
646 2739 706 2784 non
721 2725 947 2798 postulassent,
970 2721 1039 2782 dari
1055 2736 1121 2781 non

136 2804 263 2876 placuit,
286 2804 514 2900 mittendosque
529 2807 568 2864 ad
582 2820 684 2880 regern
700 2807 818 2882 legatos
834 2812 1038 2876 censuerunt,
1062 2819 1119 2878 qut

135 2888 321 2959 nuntiarent,
343 2885 395 2962 qui
410 2887 487 2948 socii
502 2895 700 2963 quererentur
714 2893 796 2966 apud
812 2897 951 2950 senatum
966 2895 1120 2951 exustum
1160 2941 1162 2966 ,

133 2983 152 3026 a
166 2982 237 3043 rege
253 2986 368 3044 agrum,
384 2987 444 3030 non
461 2986 592 3045 aequum
607 2987 675 3031 eum
691 2975 802 3049 iacere,
819 2974 870 3048 qui
885 2973 924 3033 ab
937 2974 1034 3034 sociis
1047 2971 1118 3032 suis
1160 2967 1162 3024 i

134 3066 199 3109 non
210 3051 376 3112 abstineret
390 3053 538 3113 iniuriam.
561 3056 588 3114 in
605 3053 683 3116 hanc
698 3058 880 3132 legationem
895 3057 983 3118 missi
998 3061 1036 3116 Α
1054 3055 1118 3114 Te·
1160 3083 1162 3098 ι

130 3132 246 3193 rentius
268 3135 421 3195 VarroC.
443 3137 666 3200 PlaetoriusC.
692 3139 854 3200 Cicereius.
884 3157 923 3200 ex
946 3141 1032 3211 Asia,
1057 3136 1119 3212 qni
1160 3207 1161 3214 ,

131 3215 212 3275 eirea
227 3220 330 3280 socios
342 3235 433 3294 reges
443 3221 529 3280 missi
541 3229 634 3296 erant,
649 3223 804 3284 redierunt
815 3226 915 3300 tegata
897 3225 984 3300 rqui
996 3239 1120 3283 renun-

129 3296 242 3359 tiarunt
255 3301 436 3362 Eumenen
428 3321 457 3363 ιιι
473 3320 518 3377 ea,
533 3306 741 3367 Antiochum
733 3323 762 3366 ιιι
779 3307 879 3386 Syria,
895 3307 1117 3369 Ptolemaeum
1158 3313 1161 3342 ⁴

128 3382 159 3440 in
176 3383 361 3445 Alexandria
381 3400 452 3445 sese
475 3391 667 3449 convenisse
692 3406 798 3450 omnes
820 3392 1002 3453 sollicitatos
1024 3391 1117 3462 lega

128 3463 262 3527 tionibus
277 3467 391 3542 Persei,
406 3470 463 3530 sed
477 3473 599 3547 egregie
613 3474 642 3531 in
659 3473 720 3532 tide
731 3489 921 3549 permanere,
937 3473 1117 3551 pollicitos
