2328 3870
104 177 205 238 llBElt
217 176 304 238 llth.
325 177 463 241 CAPas.
478 185 521 240 eo.
536 179 886 260 [succenserat]
931 181 994 246 153

108 330 201 390 lleX.
222 329 254 388 P.
270 328 384 390 Licinio
398 330 429 390 c.
444 330 550 392 Cassio
566 332 745 396 consulibus
760 349 822 394 non
837 336 911 398 urbs
926 345 990 398 tan·

42 425 89 474 tun
101 413 188 473 Roma
202 429 258 473 nec
273 422 354 474 terra
367 413 462 487 ltalia,
477 414 534 474 sed
550 430 658 476 omnes
673 431 764 490 reges
779 417 992 496 civitatesque,

41 497 142 572 quaein
155 495 277 570 Europa
291 512 432 572 quaeque
447 497 477 556 in
491 498 567 558 Asia
582 506 682 572 erant,
699 507 912 562 converterant
927 505 990 564 ani·

40 595 91 641 nos
103 578 129 638 in
143 595 242 640 euram
253 579 444 641 Macedonici
459 595 496 640 ac
506 581 635 643 Romani
646 581 727 642 belli.
748 583 907 645 Eumenen
920 602 991 649 curu

41 671 107 723 vetus
121 662 218 724 odium
232 663 419 738 stimulabat,
434 671 498 723 tum
510 679 619 726 recens
635 665 694 742 ira,
711 668 795 742 quod
810 670 928 730 scelere
941 686 988 730 re·

41 747 75 820 gis
86 761 172 821 prope
185 752 219 806 ut
231 745 354 807 victima
374 753 521 808 mactatus
536 747 663 823 Delphis
679 757 770 810 esset.
798 750 924 812 Prusias
938 753 986 813 Bi-

44 829 140 906 lhyniae
152 845 206 888 rex
220 836 369 891 statuerat
382 829 535 890 abstinere
550 830 642 891 armis
657 839 861 908 eventumque
876 851 989 912 exspe-

40 919 112 972 ctare:
132 927 198 972 narn
219 928 321 988 neque
340 914 497 973 Romanos
519 929 617 989 posse
637 929 771 991 aequum
793 932 921 980 censere
935 920 988 980 ad·

41 1011 124 1065 vanus
134 996 255 1056 tratrem
265 997 372 1058 uxoris
384 1013 468 1058 arma
478 997 566 1074 terre,
583 1005 613 1058 et
621 998 705 1074 apud
715 999 829 1060 Persea
839 1002 987 1064 victorem

39 1077 131 1138 veriam
149 1095 205 1155 per
225 1095 366 1142 sororem
379 1079 598 1156 impetrabilem
613 1083 688 1142 lore.
716 1083 893 1146 Ariarathes
909 1086 985 1161 Cap

40 1161 161 1234 padoourn
182 1178 254 1238 rex,
276 1171 490 1240 praeterquam
512 1164 596 1239 qnod
615 1166 763 1226 Romanis
784 1182 841 1227 suo
864 1167 989 1230 nomine

38 1245 123 1306 cundia
141 1246 294 1321 pollicitus
309 1256 387 1322 erat,
408 1263 448 1307 ex
464 1264 525 1323 quo
541 1255 589 1308 est
603 1249 724 1309 iunctus
736 1248 864 1310 Eumeni
879 1251 990 1312 adlini-

37 1333 93 1402 tate,
109 1328 137 1389 in
157 1330 260 1390 omnia
280 1331 351 1390 belli
371 1330 522 1406 pacisque
544 1345 579 1391 se
600 1333 833 1394 consociaverat
847 1332 986 1396 coasilia.

8 1441 10 1448 ι
37 1413 175 1474 Antiochus
189 1413 365 1476 imminebat
380 1414 504 1489 quidem
518 1415 652 1493 Aegypti
663 1431 769 1491 regno,
786 1423 816 1477 et
827 1417 986 1494 pueritiam

8 1537 9 1552 t
37 1495 96 1568 regis
118 1505 144 1558 et
168 1497 306 1558 inertiam
332 1505 465 1559 tutorum
490 1514 657 1574 spernens;
690 1506 720 1560 et
740 1499 923 1575 ambigendo
945 1503 986 1562 de

39 1576 105 1640 Coele
123 1579 209 1660 Syria
229 1597 355 1642 causam
375 1581 448 1642 belli
469 1597 503 1642 se
518 1581 689 1644 habiturum
705 1583 912 1660 existimabat,
932 1601 983 1660 ge·

39 1667 186 1740 staremque
207 1666 276 1726 sine
295 1666 358 1725 ullo
380 1665 596 1740 impedimento
618 1667 777 1742 occupatis
792 1669 938 1728 Romanis
954 1669 986 1728 in

8 1797 9 1802 ,
37 1741 204 1809 Macedonico
225 1749 308 1808 bello
330 1749 363 1808 id
382 1748 510 1808 bellume
539 1756 639 1808 tamen
661 1749 762 1808 omnia
783 1756 812 1809 et
833 1764 888 1824 per
908 1767 984 1810 suos

8 1901 9 1904 Ἴ
37 1827 127 1901 legatos
141 1830 262 1894 senatui
275 1832 387 1908 etipse
401 1831 510 1907 legatis
526 1848 632 1892 eorurn
644 1831 734 1892 enixe
744 1831 898 1904 pollicitus
911 1843 986 1894 erat.

36 1905 196 1976 Ptolemaeus
211 1923 340 1992 propter
353 1922 481 1976 aetatem
497 1913 588 1974 alieni
603 1915 768 1976 etiamtum
779 1913 894 1974 arbitrii
906 1922 987 1976 erat:

8 2009 9 2058 t
36 1997 125 2058 tutores
138 2006 167 2060 et
178 2001 294 2062 bellum
308 1999 459 2060 adversus
474 1997 658 2059 Antiochum
673 1997 832 2074 parabant,
848 2013 909 2072 quo
920 1999 985 2058 vin·

8 2075 9 2118 ἐ
37 2073 142 2143 dicarent
156 2083 269 2145 Coelen
284 2082 421 2162 Syriam,
443 2088 474 2142 et
485 2083 632 2144 Romanis
648 2083 750 2142 omnia
763 2081 986 2157 pollicebantur

36 2158 64 2218 ad
78 2161 300 2228 Macedonicum
320 2168 443 2228 bellum.
471 2165 637 2228 Masinissa
652 2173 681 2226 et
695 2168 845 2228 frumento
860 2166 985 2228 iuvabat

36 2239 170 2326 Romanos,
191 2259 223 2312 et
237 2250 350 2312 auxilia
364 2267 434 2312 oum
447 2249 618 2326 elephantis
630 2250 873 2326 Misagenenque
890 2251 986 2310 iiluna

37 2326 126 2392 littere
139 2336 177 2395 ad
190 2336 306 2396 bellum
320 2335 458 2410 parabat.
482 2333 611 2394 consilia
625 2341 726 2396 autern
740 2335 771 2394 in
787 2350 907 2395 omnem
922 2335 984 2395 lor·

36 2414 113 2474 tunam
129 2416 169 2478 ita
189 2419 342 2494 disposita
360 2419 506 2478 habebam
518 2415 555 2477 ¹si
574 2433 671 2493 penes
685 2419 842 2479 Romanos
857 2418 987 2479 victoria

8 2547 9 2550 ,
36 2503 110 2572 atet,
134 2517 204 2562 suas
226 2517 351 2578 quoque
371 2503 401 2562 in
423 2502 533 2562 eodem
554 2509 633 2562 statu
653 2517 814 2562 mansuras
835 2517 886 2560 res
902 2516 983 2574 esse,

8 2577 9 2658 J
36 2589 112 2652 teque
127 2585 207 2646 ultra
228 2585 391 2661 quicquam
411 2586 613 2652 movendum;
642 2601 704 2645 non
727 2583 808 2644 eninr
832 2598 988 2657 passuros

8 2663 9 2668 ’
35 2655 161 2728 Romanos
174 2669 237 2728 vim
252 2667 551 2744 Carthaginiensibus
566 2667 694 2726 adferri:
712 2667 739 2727 si
754 2668 868 2726 tractae
880 2673 987 2725 essent

37 2755 92 2816 opes
101 2748 312 2824 Romanorum,
329 2767 408 2827 quae
424 2758 486 2812 tum
500 2757 696 2827 protegerent
708 2747 986 2824 carthaginienses,

37 2838 101 2888 itam
118 2849 236 2896 omnem
249 2834 384 2896 Africam
399 2835 475 2894 sore.
505 2835 630 2895 Gentius
644 2850 701 2894 rex
714 2832 886 2912 Illyriorum
903 2834 984 2894 lece·

37 2915 178 2992 ratpodus,
202 2935 257 2979 eur
271 2925 435 2992 suspectus
451 2926 536 2978 esset
548 2917 703 2993 Romanis
726 2933 818 2994 quarn
833 2917 908 2978 satis
923 2924 984 2978 sta-

39 2996 116 3072 tuerat
130 3009 226 3062 utram
236 3005 355 3064 foveret
366 3009 491 3077 partem,
507 3002 684 3076 impetuque
697 3001 794 3077 magis
806 3017 899 3076 quam
910 3017 984 3062 con·

38 3074 85 3136 stto
101 3081 145 3144 his
159 3093 210 3147 aut
223 3086 283 3146 illis
305 3101 339 3146 se
355 3085 554 3146 adiuncturus
570 3084 739 3146 videbatur.
764 3083 858 3164 Cotys
873 3084 988 3158 Mrrax,
1076 3165 1079 3172 Ι

40 3152 197 3240 Odrysarum
212 3185 277 3242 rex,
294 3167 354 3228 iarn
367 3168 573 3230 Macedonum
587 3169 681 3244 partis
697 3175 771 3228 erat.

97 3247 178 3312 XXX.
198 3253 282 3312 llaec
296 3253 448 3313 sententia
461 3253 587 3328 regibus
603 3268 673 3312 curn
688 3258 771 3312 esset
785 3251 825 3311 de
839 3251 931 3322 bello,
951 3248 983 3307 in

40 3322 116 3390 liberis
129 3337 267 3409 gentibus
282 3336 471 3412 populisque
485 3336 573 3410 plebs
588 3336 702 3410 ubique
717 3333 817 3396 omnis
833 3334 936 3402 terme,
951 3338 986 3390 ut

39 3409 107 3488 solet,
125 3417 280 3481 deterioris
301 3427 366 3480 erat
386 3419 426 3478 ad
445 3433 549 3494 regern
562 3415 813 3494 Macedonasque
827 3413 985 3474 inclinatas
