2364 3862
216 172 331 252 LIBER
345 171 449 232 litlv.
472 172 555 232 cAP.
570 181 668 235 eaeo
691 180 728 247 [ι.
741 179 774 232 c.
791 180 851 248 roa]
959 173 1023 242 att

46 339 132 399 csse,
157 322 241 383 unde
261 322 302 382 ad
323 338 457 398 pugnarn
477 323 610 399 exirent,
638 340 699 400 quo
721 325 822 388 iactati
843 333 1024 404 tempestate

47 422 165 484 pugnae
177 414 336 482 receptum
347 405 503 468 haberent.
517 407 588 469 ideo
600 423 669 468 cum
680 409 872 471 munimentis
885 427 922 471 ea
934 428 1023 489 saep·

50 491 165 565 assem,
182 489 337 565 praesidio
353 505 477 565 quoque
492 491 594 552 valido
608 491 784 565 firmabant,
807 493 893 568 quod
907 495 960 570 qui
975 512 1023 558 ca-

51 575 113 635 stris
125 581 239 634 exutus
250 581 324 646 erat,
336 573 454 634 etiamsi
465 575 632 648 pugnando
644 573 711 640 acie
723 575 858 651 vicisset,
873 594 930 652 pro
943 579 1023 642 victo

47 654 213 718 haberetur.
238 663 339 717 castra
355 663 426 718 sunt
439 655 549 718 victori
562 661 801 733 receptaculum,
823 661 905 722 victo
922 663 1023 737 perlu-

48 739 133 812 glum.
150 756 244 816 quam
266 739 350 800 multi
365 737 534 812 exercitus,
557 739 669 816 quibus
684 743 790 816 nrirrus¹
800 760 953 821 prospera
967 762 1023 822 pu·

47 837 121 896 gnae
141 825 263 884 lortuna
283 821 352 896 luit,
376 823 456 884 intra
475 825 588 886 vallum
610 826 775 900 compulsi,
801 834 938 903 tempore
954 846 1022 904 suo,

47 906 191 966 interdum
207 914 360 967 momento
377 915 457 982 post,
472 908 633 982 eruptione
647 909 727 968 iacta
740 909 887 972 victorem
902 910 1022 974 hostem

46 990 246 1065 pepulerunta
267 989 365 1065 patria
379 993 474 1050 altera
484 998 532 1051 cst
542 990 678 1052 militaris
689 992 766 1054 haec
778 995 881 1068 sedes,
896 997 1021 1057 vallum·

47 1087 105 1147 que
118 1089 177 1149 pro
192 1073 361 1147 moenibus,
377 1081 408 1136 et
419 1075 578 1136 tentorium
589 1091 679 1134 suurn
691 1075 802 1152 cuique
814 1077 899 1139 militi
910 1078 1022 1140 domus

46 1170 79 1216 ac
99 1163 229 1232 penates
247 1164 328 1218 sunt.
358 1159 424 1218 sine
447 1159 509 1218 ulla
527 1157 603 1218 sede
625 1159 694 1232 vagi
715 1160 966 1236 dimicassemus,
989 1169 1023 1224 nt

46 1256 105 1314 quo
125 1238 262 1308 victores
283 1257 342 1302 nos
362 1241 597 1321 reciperemusz
615 1241 664 1300 his
679 1241 909 1304 difficultatibus
924 1252 955 1307 et
968 1246 1021 1305 irn-

32 1323 226 1398 pedimentis
249 1339 371 1400 pugnae
392 1323 468 1386 illud
489 1325 665 1401 opponitur.
696 1326 772 1401 quid
793 1327 820 1387 si
842 1327 942 1388 hostis
963 1328 1022 1388 liar

45 1403 222 1483 interposita
241 1413 330 1470 nocte
351 1408 489 1470 abisset?
510 1415 656 1484 quantum
677 1426 785 1471 rursus
807 1412 968 1487 sequendo
984 1427 1021 1473 eo

45 1489 164 1564 penitus
190 1491 222 1552 in
248 1491 382 1552 ultimam
402 1489 614 1554 Macedoniam
641 1493 1021 1570 exhauriendumlaboris

45 1581 120 1636 erat!
141 1590 200 1650 ego
222 1580 322 1636 autem
342 1589 443 1649 neque
461 1591 639 1637 mansurum
659 1593 729 1637 eum
750 1594 850 1653 neque
872 1577 902 1639 in
923 1580 1021 1640 aciem

45 1659 148 1733 copias
169 1659 350 1720 educturum
373 1659 470 1720 luisse
492 1667 607 1720 certum
628 1661 745 1736 habco,
769 1660 797 1721 si
817 1662 930 1722 cedere
950 1662 1021 1722 hinc

1 1765 2 1768 ¹
46 1741 207 1803 statuisset.
240 1749 356 1817 quanto
378 1742 458 1804 eninr
477 1742 597 1804 facilius
619 1743 703 1804 abire
724 1743 794 1817 luit,
821 1759 891 1803 oum
912 1747 1020 1819 procul

45 1825 239 1900 abessemus,
263 1842 355 1900 quarn
377 1841 473 1900 nunc,
495 1843 564 1886 cnm
579 1826 609 1886 in
625 1825 797 1886 cervicibus
814 1833 944 1888 sumust
965 1843 1022 1888 nec

1 1897 2 1940 ³
45 1908 158 1970 falleret
177 1925 235 1970 nos
255 1908 386 1970 interdiu
407 1915 459 1970 aut
478 1917 569 1971 nocte
589 1909 742 1970 abeundo.
771 1910 845 1985 qnid
860 1917 961 1971 autem
975 1917 1023 1993 est

1 1999 2 2002 ’
46 1992 132 2053 nobis
154 1991 287 2069 optatius
308 2010 397 2069 paam
418 1999 451 2054 ut
472 2009 601 2068 quorum
621 1999 722 2052 castra
736 1995 871 2068 praealta
885 1992 1021 2056 fluminis

2 2131 3 2134 ,
47 2075 109 2151 ripa
121 2082 193 2151 tuta,
214 2078 296 2139 vallo
310 2076 437 2152 insuper
451 2084 559 2152 saepta
573 2093 609 2136 ac
625 2077 740 2136 crebris
756 2078 899 2149 turribus,
922 2092 1021 2153 oppo-

2 2183 3 2218 1
46 2174 136 2234 gnare
148 2160 246 2222 adorti
257 2177 375 2232 smnus,
387 2176 442 2221 eos
454 2161 568 2221 relictis
576 2161 779 2236 munimentis,
791 2160 1020 2238 agmineelluso

47 2243 190 2305 abeuntes
212 2245 242 2304 in
263 2243 438 2320 patentibus
459 2244 576 2319 campis
592 2243 630 2304 ab
645 2251 731 2320 tergo
746 2245 943 2306 adoriamur?
964 2243 1022 2305 hae

47 2325 153 2388 dilatae
168 2343 292 2402 pugnae
307 2343 347 2386 ex
360 2326 507 2388 hesterno
522 2326 572 2387 die
586 2328 616 2386 in
631 2328 813 2388 hodiernum
827 2344 941 2390 causae
956 2328 1021 2388 iue-

46 2418 119 2472 runt.
141 2425 280 2486 pugnare
295 2411 376 2471 enim
390 2418 421 2471 et
434 2409 494 2486 ipsi
509 2411 581 2474 mihi
595 2413 711 2486 placem
733 2418 764 2473 et
777 2411 857 2486 idco,
880 2409 953 2487 quia
966 2426 1022 2486 per

46 2491 190 2570 Enipeum
211 2510 331 2556 amnem
353 2499 461 2570 saepta
482 2494 523 2554 ad
542 2494 663 2555 hostem
683 2495 734 2554 via
754 2503 834 2568 orat,
856 2494 916 2554 olio
932 2496 1021 2566 saltu,

2 2599 3 2604 ¹
48 2576 168 2640 deiectis
189 2577 323 2640 hostium
344 2577 525 2654 praesidiis,
552 2594 665 2638 novum
686 2577 743 2637 iter
762 2577 886 2652 aperui;
919 2591 1020 2652 neque

48 2661 221 2738 priusquam
236 2661 433 2723 debellavero
448 2660 626 2722 absistam.“

122 2746 185 2806 XL.
206 2745 280 2808 Post
298 2745 378 2806 hanc
399 2745 568 2806 orationem
588 2742 740 2804 silentium
754 2742 823 2816 ierit,
839 2740 948 2818 partim
961 2749 1021 2804 tra·

49 2825 140 2890 ductis
161 2828 193 2889 in
209 2829 392 2890 sententiam
406 2829 488 2904 eius,
509 2828 618 2904 partim
637 2827 813 2888 verentibus
835 2824 1022 2902 nequiquam

49 2909 200 2973 offendere
222 2912 254 2973 in
274 2928 311 2974 ec
334 2911 420 2987 quod
439 2919 603 2987 utcumque
619 2908 868 2986 praetermissum
883 2909 1021 2971 revocari

48 3007 101 3055 non
122 3001 243 3072 posset.
272 3011 309 3056 ec
332 3011 370 3056 ne
391 2995 442 3056 illo
461 2995 531 3070 ipso
554 2993 678 3070 quidem
700 2995 749 3055 die
770 3001 822 3055 aut
836 2996 954 3056 consuli
971 3001 1021 3055 aut

49 3078 104 3152 regi
117 3095 262 3155 pappare
272 3081 404 3155 placuit,
423 3082 493 3153 repa·
505 3079 590 3154 quod
606 3094 663 3138 nec
678 3079 796 3153 sessos,
811 3085 841 3139 ut
858 3079 967 3155 pridie,
983 3092 1021 3136 ex

49 3158 90 3220 via
104 3178 204 3238 neque
217 3162 409 3238 trepidantes
425 3161 455 3220 in
476 3162 542 3221 acic
557 3162 740 3222 instruenda
755 3169 784 3223 et
798 3162 924 3222 vixdum
939 3176 1020 3222 com·

51 3244 158 3315 positos
174 3245 380 3320 adgressurus
395 3251 476 3304 erat:
504 3245 638 3318 consuli,
661 3246 745 3321 quod
760 3246 789 3304 in
806 3245 894 3304 novis
911 3243 1020 3302 castris

51 3338 103 3386 non
117 3327 207 3404 ligna,
223 3344 285 3388 non
300 3329 446 3404 pabulum
463 3334 644 3389 convectum
656 3335 728 3403 erat,
745 3328 784 3388 ad
797 3343 874 3402 qnae
887 3324 1021 3400 petenda

51 3421 83 3469 ex
98 3410 277 3489 propinquis
292 3409 373 3487 agris
389 3427 500 3486 magna
513 3428 586 3487 pars
601 3411 727 3472 militum
743 3409 881 3470 ecastris
893 3407 1021 3467 exierat.
