2364 3862
183 189 245 254 182
350 189 465 250 LIBER
475 189 563 250 xL11.
586 166 668 249 dap.
683 196 727 250 ar.
740 197 782 251 m.
800 195 837 262 [ι.
850 193 884 247 u.
896 197 990 261 aean

182 357 255 402 esse
275 339 496 415 gloriabantur,
523 337 654 399 fudistis.
680 339 802 414 equites
821 339 903 400 enim
922 338 980 400 illis
1001 341 1132 422 principes

182 423 360 496 iuventutis,
388 422 509 498 equites
528 422 725 482 seminarium
746 429 887 493 senatum
919 423 989 483 inde
1008 425 1095 485 lectos
1111 427 1133 484 in

180 516 299 584 patrum
313 522 472 567 numerum
487 507 646 578 eonsules,
662 505 734 566 inde
749 505 948 582 imperatores
963 517 1074 568 ercam:
1092 508 1132 568 ho·

180 609 247 652 rum
263 592 362 666 spolia
383 591 479 666 paulo
491 598 562 650 ante
574 587 735 650 divisimus
750 590 830 651 inter
841 605 910 652 sos.
939 605 996 650 nec
1009 591 1134 652 rumorem

178 675 221 736 de
235 675 408 749 legionibus
422 674 559 750 peditum
573 672 731 734 victoriam
752 673 889 746 habetis,
909 689 989 748 quae
1008 682 1134 736 nectum

182 759 255 835 iuga
275 757 364 818 vobis
386 757 562 818 subtractae
581 759 799 832 neumagorum
819 757 1021 832 trepidatione
1039 759 1134 834 passim

65 883 67 888 -
180 843 344 903 natantium
367 841 481 902 liumen
501 842 740 916 compleverunt
776 841 833 902 sed
859 841 979 902 facilius
998 841 1081 902 nobis
1097 858 1134 902 se·

180 925 347 1002 quentibus
366 925 465 985 victos
478 925 610 985 Penarm
625 939 775 1000 superare
789 925 859 998 erit,
882 939 978 998 quam
989 925 1047 985 iilis
1059 926 1133 1000 trepi-

179 1009 324 1069 dantibus
345 1008 415 1078 luit;
443 1006 692 1084 transgressique
712 1009 867 1083 cntempla
882 1015 987 1069 ease-a
998 1025 1133 1085 oppugna

178 1093 292 1167 bimus,
312 1109 391 1170 quae
411 1091 503 1153 hodie
522 1093 723 1168 cepissem,
745 1093 776 1151 ni
793 1093 960 1166 ttrgiasenta
982 1101 1034 1154 aut
1047 1092 1072 1154 si
1084 1092 1134 1152 acie

106 1233 111 1241 .
178 1178 344 1238 decernere
360 1177 476 1250 volent,
498 1177 629 1236 eundem
641 1191 766 1252 pugnae
778 1176 931 1250 pedestris
946 1184 1083 1238 evenatm
1095 1191 1133 1236 ex·

178 1268 324 1336 spectate,
343 1263 394 1338 qui
408 1262 544 1337 equitem
559 1261 590 1319 in
604 1261 767 1321 certamine
782 1260 901 1320 tuerit.“
917 1267 947 1320 et
958 1262 1012 1336 qui
1021 1262 1134 1320 adamant

178 1347 311 1415 alacres,
333 1345 434 1419 spolia
449 1359 609 1404 caesenam
624 1343 757 1404 bdelium
771 1343 906 1404 humeris
921 1351 1064 1418 gerentes
1077 1342 1133 1404 iaci·

177 1443 254 1487 nera
264 1443 321 1487 sua
331 1427 484 1500 audivere,
501 1443 540 1486 ex
552 1443 591 1488 eo
602 1427 685 1502 qnod
698 1427 852 1488 acciderat
863 1441 951 1502 spem
963 1429 1053 1489 tumn
1064 1443 1132 1504 prae
1165 1487 1166 1494 ,

178 1509 341 1584 cipientes;
364 1516 394 1570 et
414 1511 534 1584 pedites
549 1509 647 1570 aliena
661 1509 760 1585 gloria
773 1511 907 1585 accessi,
920 1513 1083 1586 praecipue
1095 1509 1133 1584 qui
1164 1555 1166 1588 ,

176 1593 378 1654 Macedonum
399 1591 560 1668 phalangis
582 1600 682 1667 erant,
709 1593 769 1654 sibi
795 1606 923 1670 quoqne
941 1603 976 1656 et
993 1593 1132 1655 navandae
1164 1599 1166 1640 l

175 1678 241 1752 regi
261 1693 374 1754 operae
394 1685 425 1738 et
445 1677 575 1738 similem
594 1678 723 1753 gloriam
744 1693 784 1738 ex
805 1677 895 1740 hoste
908 1679 1049 1752 pariendi
1063 1691 1132 1738 ecca·
1164 1683 1166 1758 ᾗ

176 1761 294 1822 sionem
308 1762 454 1838 optabunt
475 1765 608 1824 emtione
622 1761 764 1832 dimissa,
789 1769 917 1837 postero
931 1762 984 1823 die
997 1763 1132 1840 proiectus

175 1846 246 1906 inde
261 1845 301 1906 ad
312 1845 486 1921 Mopselum
498 1846 604 1922 posnn‘t
616 1852 726 1906 castra.
743 1847 877 1907 tantulus
892 1845 943 1906 hic
958 1856 1028 1908 ante
1040 1847 1133 1918 Tempe
1164 1843 1166 1888 l

175 1937 231 2003 est,
246 1931 380 1990 imminet
393 1928 519 1991 Larisae
533 1929 652 1990 medius
666 1928 683 1968 *
698 1929 787 1989 abest
802 1929 815 1962 *
831 1930 983 1990 Gonnrma

258 2013 347 2074 [ΧΠ.
362 2014 502 2085 Romani,
519 2029 582 2074 non
592 2013 796 2076 abscedentes
808 2014 847 2073 ab
857 2013 926 2090 ripa
935 2013 1039 2088 Penei,
1052 2022 1131 2074 uana·

173 2098 306 2157 tulerunt
326 2095 357 2155 in
380 2097 482 2157 locum
493 2097 635 2160 tutiorem
650 2105 759 2157 castra.
782 2112 820 2158 eo
834 2097 1013 2172 Misagenes
1024 2096 1133 2158 Numida

176 2179 258 2237 venit
273 2193 341 2238 curn
362 2180 443 2239 mille
456 2179 626 2254 equitibus,
647 2182 713 2254 pari
728 2181 864 2256 peditum
878 2197 1018 2256 numeru,
1038 2182 1074 2242 ad
1087 2180 1133 2238 hoe

173 2261 343 2336 elephantis
364 2262 485 2324 duobus
506 2269 537 2322 et
556 2261 670 2337 viginti.
693 2280 750 2339 per
768 2281 826 2326 eos
840 2265 907 2326 dies
922 2266 1081 2326 eonsilium
1092 2263 1132 2321 ha·

174 2343 254 2405 benti
275 2345 340 2420 regi
361 2346 401 2406 de
420 2362 539 2407 summa
559 2345 645 2421 belli,
668 2363 736 2408 cunr
751 2349 812 2408 iam
825 2349 1023 2410 consedisset
1036 2343 1134 2408 ferocia

172 2429 211 2488 ab
232 2445 266 2489 re
286 2429 366 2492 bene
379 2437 481 2505 gesta,
503 2430 569 2492 ausi
584 2439 655 2492 sunl
670 2431 793 2506 quidam
808 2433 978 2493 amicornm
990 2432 1133 2494 emelim

172 2514 260 2587 dare,
282 2520 314 2574 ul
334 2515 471 2576 secunda
486 2516 606 2576 ionuna
625 2515 656 2574 in
672 2515 885 2576 condicionem
898 2516 1048 2578 honestae
1061 2511 1133 2590 pacis

173 2603 308 2659 uteretur
323 2599 434 2674 potius,
451 2615 543 2675 quarn
558 2614 616 2675 spe
630 2613 710 2659 vana
724 2608 850 2660 evectus
865 2601 896 2660 in
912 2616 1020 2660 casum
1034 2601 1133 2659 irrevo-

171 2680 299 2742 cabilem
314 2684 459 2761 sedaret.
482 2684 605 2744 modum
621 2683 779 2758 imponere
794 2684 939 2744 secundis
955 2685 1066 2756 rebare,
1087 2693 1133 2739 nec

170 2763 259 2824 nimis
281 2766 407 2827 eredere
432 2767 586 2828 serenitati
606 2767 778 2840 praesentis
805 2768 959 2841 lomunae,
988 2763 1134 2844 prudentis

123 2873 138 2899 .
169 2845 301 2906 hominis
322 2856 352 2908 et
373 2850 481 2909 merito
500 2850 598 2909 felicis
613 2865 692 2910 esse.
720 2851 851 2911 mitteret
864 2851 905 2910 ad
920 2853 1077 2912 consulem
1091 2844 1133 2922 qui

170 2928 282 2990 foedus
295 2930 325 2988 in
342 2933 467 2992 easdem
481 2934 566 3008 leges
581 2941 773 3006 renovarent,
790 2934 901 3010 quibus
916 2933 1074 3010 Philippus
1090 2945 1132 3006 pa·

167 3018 214 3070 ter
235 3013 301 3073 eius
323 3029 430 3088 paoem
450 3015 490 3076 ab
503 3017 534 3075 Τ.
550 3015 688 3090 Quinctio
703 3018 819 3078 victore
839 3018 1022 3092 accepisset.
1044 3026 1133 3088 neque

167 3089 247 3155 liniri
278 3097 389 3157 bellum
419 3101 663 3174 magnificentius
694 3117 784 3176 quam
805 3101 845 3160 ab
870 3108 932 3160 toan
956 3093 1133 3162 memorabili

166 3193 286 3254 pugna;
297 3197 399 3258 neque
410 3200 498 3260 spem
509 3183 673 3244 firmiorem
684 3186 772 3260 pacis
784 3191 954 3260 perpetuas
965 3185 1039 3256 dari,
1053 3194 1133 3258 quant

168 3279 247 3337 quae
268 3267 430 3340 perculsos
450 3269 583 3329 adverso
605 3267 724 3344 proelio
740 3269 901 3330 ‘Romanos
922 3269 1075 3330 nmilicres
1094 3265 1131 3322 la-

168 3353 252 3408 etura
273 3348 312 3410 sit
331 3351 370 3410 ad
390 3351 620 3426 paciscendum.
649 3351 762 3428 quodsi
781 3353 912 3413 Romani
934 3360 997 3412 tum
1018 3360 1132 3426 quoque

168 3431 256 3492 msila
271 3433 438 3508 pertinacia
454 3451 553 3512 aequa
574 3443 819 3512 aspernarentur,
847 3437 925 3496 deos
939 3435 1132 3508 hominesque
