2368 3858
83 218 189 280 LIBER
202 219 289 279 XLV.
311 220 449 281 CAP.15.
465 230 508 285 16.
524 224 561 300 [a
577 229 609 282 U.
623 245 646 280 c.
657 231 719 284 585.
731 247 754 280 a.
768 227 875 304 (1167]
901 223 963 288 267

12 371 102 431 nedum
121 371 218 431 arcini
237 373 379 433 universo
401 373 534 434 adimere
556 391 660 449 posse.
697 379 914 452 nequeenim,
936 379 962 440 sl

10 455 74 514 tribu
89 469 207 516 movere
227 464 347 530 posset,
370 458 454 531 qaod
475 458 516 517 sit
536 457 610 519 nibil
629 458 713 518 aliud
735 475 825 534 quam
847 468 963 522 maura

9 537 92 596 iubere
103 538 219 613 tribum,
233 537 303 599 ideo
319 537 458 599 omnibus
478 541 615 616 quinque
635 550 665 602 ct
685 543 807 616 triginta
821 545 961 605 tribubus

8 635 124 680 enorme
143 637 254 696 posse,
279 623 311 682 id
332 630 381 683 est
401 622 552 684 civitatem
572 624 804 701 libertatemque
825 627 962 702 eripera;

5 719 54 762 non
64 705 110 764 ubi
123 713 286 766 censeatur
299 705 394 776 finire,
411 707 467 766 sed
482 721 580 768 censu
593 709 768 769 excludere.
790 708 869 770 haec
883 711 963 771 inter

5 785 73 860 ipsos
88 787 264 863 disceptata.
285 796 444 863 postremo
456 805 493 850 eo
506 790 691 852 descensum
706 799 761 863 est
777 799 811 853 ut
821 809 862 853 ex
874 800 961 870 quat·

5 877 58 932 tuor
68 871 187 932 urbanis
202 872 341 934 tribubus
352 887 444 933 unam
458 877 559 948 palam
580 875 610 933 in
631 875 708 936 atrio
721 875 882 938 Libertatis
894 893 961 940 sor·

5 953 119 1026 tantm,
139 955 169 1014 in
193 971 285 1029 quam
306 973 415 1017 ornnes
436 957 487 1031 qul
503 958 679 1019 servitutem
694 960 862 1022 servissent
876 961 960 1023 coni·

5 1043 92 1098 carent.
111 1037 367 1114 Esquilinaesors
374 1040 463 1100 cxlit=
478 1041 508 1100 in
520 1057 558 1101 ea
567 1042 611 1102 Ti.
620 1041 776 1103 Gracchus
784 1045 959 1118 pronuntia·

5 1120 187 1184 ritlibertinos
203 1139 310 1184 omnes
326 1123 446 1185 censeri
460 1125 592 1198 placere.
613 1139 724 1200 magno
740 1141 777 1186 ea
788 1141 839 1187 res
850 1126 959 1188 honori

5 1205 156 1266 censoribus
169 1207 255 1281 apud
267 1213 405 1267 senatum
417 1207 480 1267 luit.
498 1208 615 1281 gratiae
625 1217 713 1270 actae
724 1217 754 1269 et
765 1208 959 1284 Sempronio,

6 1287 43 1360 qui
55 1287 81 1346 in
93 1289 171 1349 bene
187 1297 299 1366 coepto
314 1298 554 1366 perseverasset,
570 1297 602 1351 ct
616 1292 751 1365 claudio,
766 1292 819 1367 qui
830 1309 892 1353 non
906 1294 960 1353 im·

5 1369 122 1444 pedisset.
161 1375 269 1448 plures
286 1390 380 1448 quarn
393 1373 432 1434 ab
447 1373 660 1449 superioribus
682 1382 713 1435 et
727 1382 836 1436 senatu
850 1377 958 1438 remoti

5 1461 56 1513 aunt
67 1463 93 1514 et
105 1471 206 1531 equos
222 1458 356 1517 vendere
369 1457 456 1516 iussi.
492 1473 600 1519 omnes
620 1458 713 1519 iidem
730 1460 769 1519 ab
783 1466 915 1536 utroque
929 1466 960 1521 et

5 1535 62 1596 tnbu
73 1541 141 1599 moti
156 1547 189 1600 et
203 1541 312 1600 aerarii
328 1541 416 1610 lacti;
440 1555 542 1616 neque
556 1542 656 1614 ullius,
678 1558 769 1618 quem
784 1545 860 1604 alter
873 1551 960 1604 nota-

6 1626 44 1689 ret
62 1621 95 1681 ab
110 1625 207 1684 altero
227 1625 327 1684 levata
339 1623 514 1698 ignominia.
550 1627 739 1701 petentibus,
760 1632 794 1687 ut
813 1642 853 1686 ex
874 1627 958 1688 insti·

5 1707 49 1761 ulo
66 1705 102 1764 ad
121 1714 207 1767 sarta
227 1714 308 1768 tecta
328 1708 479 1782 exigenda
493 1715 523 1768 et
537 1710 576 1768 ad
597 1723 693 1784 opera
709 1725 789 1785 quae
803 1711 960 1770 locassent

5 1783 133 1858 probanda
148 1791 222 1850 anni
237 1798 268 1852 et
281 1806 338 1851 sex
352 1807 492 1851 mensum
507 1799 628 1866 tempus
651 1799 883 1866 prorogaretur,
905 1792 958 1852 cn.

5 1861 151 1934 iremellius
177 1874 333 1946 albanus,
361 1875 433 1949 quia
456 1875 554 1936 lectus
578 1890 641 1935 non
662 1883 728 1934 erat
751 1872 781 1932 in
808 1881 959 1942 senatum.

5 1947 156 2016 intercessit
425 1981 426 1984 ¹
663 1947 669 1966 '

64 2037 177 2100 Eodem
199 2055 279 2101 anno
301 2040 332 2100 G,
355 2041 508 2102 Cicereius
530 2041 639 2102 aedem
655 2039 796 2101 Monetae
810 2037 841 2100 in
857 2046 960 2102 monta

5 2115 97 2198 ulmo
111 2124 266 2185 dedicavit
281 2123 488 2199 quinquennio
504 2132 591 2199 post,
612 2140 704 2198 quam
717 2123 810 2184 vovit.
846 2121 958 2183 ttamen

5 2191 120 2267 timidis
134 2209 336 2284 inauguratus
357 2215 405 2268 est
424 2223 464 2270 eo
480 2223 562 2269 anno
582 2207 617 2266 L.
630 2207 804 2270 Postumius
817 2206 957 2268 Albinus.

61 2288 133 2352 XVI.
158 2291 193 2366 0.
207 2290 297 2352 Aelio
311 2289 351 2351 tl.
366 2291 453 2351 Iunio
468 2289 648 2352 consulibus
668 2292 708 2352 de
728 2291 895 2367 provinciis
909 2305 959 2351 rc·

5 2365 143 2435 bnntibus
173 2390 323 2436 censuere
345 2381 449 2449 patres
473 2375 551 2436 duas
576 2375 753 2449 provincias
778 2374 959 2450 Hispaniam

5 2463 87 2514 rums
103 2456 186 2531 lieri,
208 2474 287 2532 quae
307 2475 369 2518 una
389 2473 445 2533 per
464 2460 576 2520 bellum
597 2457 830 2518 Macedonicum
843 2458 959 2523 lucram

5 2535 245 2618 ltMacedoniam
269 2542 486 2620 Illyricumque
510 2542 647 2614 eosdem,
672 2539 706 2598 L.
726 2540 852 2598 Paulum
873 2545 904 2598 cl
924 2539 958 2596 L.

6 2617 131 2699 anicium,
153 2624 302 2698 oblinere,
324 2625 425 2686 donec
439 2623 648 2686 desententia
667 2624 837 2697 legatorum
857 2636 908 2680 res
929 2626 960 2680 et

6 2695 63 2762 lello
85 2707 221 2769 turbatas
245 2715 276 2768 et
299 2708 329 2768 in
353 2715 464 2769 statum
488 2709 579 2768 aliurn
600 2722 640 2766 ex
659 2720 754 2780 regno
781 2703 958 2765 lonnandas

7 2790 235 2862 composuissent.
270 2791 448 2852 consulibus
462 2787 550 2852 Pisae
570 2797 602 2850 et
615 2788 711 2850 Gallia
733 2789 874 2850 decretae
889 2801 958 2846 eum

7 2861 62 2929 bitis
79 2875 239 2948 ammaus
255 2878 377 2950 omnum
396 2877 508 2936 millum
530 2874 665 2949 peditum
685 2880 716 2933 et
732 2873 868 2947 equitum
885 2886 958 2946 qua-

5 2945 202 3028 dringenorum.
239 2965 413 3032 praetorum
434 2965 534 3018 sortes
549 2959 644 3028 tuere,
667 2956 700 3030 Q.
720 2957 817 3018 cassii
831 2956 958 3027 urbana,

8 3026 41 3090 il'.
52 3037 170 3100 Iuventii
183 3042 319 3101 Thalnae
332 3040 413 3100 inter
425 3041 622 3116 peregrinos,
637 3040 680 3098 Ti.
698 3040 814 3101 claudii
827 3039 958 3101 Neronis

8 3110 92 3196 ticillo,
108 3127 159 3186 Cn.
173 3122 271 3184 Fulvii
285 3125 434 3200 Hispania
449 3124 584 3194 citerior,
610 3124 641 3183 C.
660 3122 767 3184 Licinii
781 3123 900 3183 Nervae
912 3123 959 3183 ul·

9 3199 84 3288 letior.
109 3209 146 3268 Α
161 3207 276 3268 Manlio
291 3209 446 3283 Torquato
469 3205 611 3267 Sardinia
632 3206 814 3268 obvenerat=
843 3204 960 3280 nequiit

8 3291 38 3340 no
47 3284 73 3346 in
87 3291 281 3366 provinciam,
297 3292 402 3352 adres
418 3290 564 3365 capitales
576 3291 770 3364 quaerendas
781 3305 821 3349 ex
832 3294 958 3348 senatus

9 3374 120 3434 ansano
132 3381 279 3438 retentus.

65 3455 106 3516 lle
124 3457 275 3537 prodigiis
296 3457 408 3518 deinde
423 3457 566 3519 nuntiatis
583 3465 708 3518 senatus
723 3461 772 3514 est
789 3451 948 3512 consultus
