2368 3858
383 169 412 220 Τ.
429 169 507 220 leli
523 168 730 222 FRAGMENTA.
1006 188 1051 232 νη

60 325 192 384 dicuntur,
210 338 262 373 nou
276 322 406 375 imberbes.
424 324 571 374 sicutenim
588 325 683 375 Varro:
706 325 811 376 imberbi
828 327 945 388 iuvenes,
963 328 1010 377 sed
1027 339 1052 377 et

61 391 154 442 Cicero
170 391 301 442 imberbum
317 391 382 441 dixit
400 406 450 441 non
468 392 605 442 imberbem.
642 394 713 442 Titus
731 393 818 444 Livius
836 402 921 445 eutem
937 395 1052 446 imberbis

60 460 237 528 singulariter.
266 461 365 511 Auctor
381 461 491 511 incertus
510 461 542 511 de
559 459 661 526 Ortbop.
680 477 722 526 cp.
742 458 848 516 niceti
861 478 887 526 p.
907 460 985 517 2789.
1002 463 1051 514 Im-

60 529 136 579 berbi
152 530 279 589 dicuntur,
295 543 347 578 uon
364 528 493 579 imberbes.
517 529 598 579 Varro
611 529 715 580 imberbi
727 531 845 590 iuvenes;
864 533 899 580 ita
910 540 936 582 et
947 531 1049 591 (licer03

60 599 108 648 red
128 604 218 714 coatrIa
235 599 308 716 Tbm
325 597 422 648 Livius.
454 599 533 648 Vetus
553 597 686 648 mammas.
706 601 776 662 opud
795 599 933 651 Bartbirom.
952 599 1049 651 Adoer.

60 666 217 727 XXXVI,
236 667 251 716 1
273 701 280 714 .

113 741 149 792 ιο)
171 733 303 798 Serpentis
322 749 423 797 quoque
435 749 451 784 a
463 734 492 783 T.
506 733 580 785 Livio
592 737 692 786 curiose
705 737 798 801 pariter
809 751 839 787 ac
849 737 958 788 facunde
970 737 1051 788 relata

59 803 104 852 fiat
128 803 236 852 mentio.
267 804 290 852 is
310 804 377 852 euim
395 805 430 852 ait
446 803 473 852 in
490 803 577 854 Africa
600 804 669 868 apud
686 804 828 870 Bagiudam
850 805 946 867 flumen
966 813 1051 856 tantm

60 872 248 936 magnitudinis
267 886 376 936 anguem
392 871 487 932 tuisse,
505 880 533 920 ut
548 870 618 921 Atilii
637 874 731 938 Reguli
747 875 883 924 exercitum
901 889 950 926 usu
968 875 1051 924 amnis

59 939 223 1005 prohiberet:
248 939 387 1002 multisque
405 939 528 989 militibus
547 942 644 1006 ingenti
662 957 704 992 ore
722 943 856 1008 correptis,
876 943 1050 1008 compluribus

59 1010 162 1059 caudae
186 1007 358 1058 voluminibus
375 1007 459 1068 elisis,
485 1024 563 1070 quum
579 1009 685 1059 telorum
701 1012 768 1061 iactu
784 1011 908 1074 perforari
926 1014 1049 1075 nequiret,

59 1079 94 1128 ad
112 1078 235 1128 ultimum
252 1077 412 1128 ballistarum
429 1079 560 1127 tormentis
578 1078 691 1140 undique
706 1080 819 1144 petitam,
838 1080 937 1130 silicum
954 1081 1050 1134 crebris

59 1153 84 1196 et
100 1147 257 1212 ponderosis
277 1147 422 1197 verberibus
438 1147 621 1212 procubuisse,
640 1148 808 1210 omnibusque
826 1156 850 1196 et
863 1147 1009 1199 cohortibus
1026 1155 1052 1196 et

59 1215 210 1281 legionibus
227 1215 285 1279 ipsa
296 1214 448 1280 Carthagine
466 1215 548 1264 visam
564 1215 749 1265 terribiliorem.
780 1225 857 1277 atque
873 1216 948 1265 etiam
961 1231 1049 1265 cruore

60 1299 107 1334 suo
127 1284 279 1350 gurgitibus
295 1285 409 1344 imbutis,
429 1285 592 1348 corporisque
611 1283 715 1334 iacentis
731 1283 852 1349 pestifero
868 1282 955 1334 uillatu
966 1284 1051 1333 vicina

3 1367 4 1372 ¹
60 1354 170 1418 regione
186 1351 296 1418 polluta,
314 1353 428 1402 Romana
444 1352 504 1401 inde
522 1353 691 1402 summovisse
706 1361 797 1402 cestra.
827 1352 888 1402 dicit
904 1353 980 1402 etiam
998 1351 1051 1402 bel-

3 1423 5 1470 ἕ
60 1421 120 1472 luae
132 1423 232 1472 corium
247 1430 347 1471 centum
360 1420 449 1486 viginti
463 1421 558 1485 pedum
576 1421 602 1469 iu
617 1423 706 1472 urbem
717 1422 832 1470 missum.
865 1421 954 1472 Voler.
970 1420 1048 1472 Mae.

3 1489 4 1524 Τ
60 1490 88 1549 I,
100 1487 128 1542 8.
141 1498 197 1541 ext.
215 1487 258 1542 19.
288 1491 329 1554 Of.
346 1488 719 1608 FreimbmpJ'oeSWIJ'gjfap‘
740 1490 779 1541 15.
799 1505 837 1556 eq.

537 1558 578 1608 tib.
669 1596 674 1608 .

112 1631 148 1682 11)
169 1629 249 1677 Tertii
265 1625 321 1676 ludi
335 1624 506 1691 (saeculares)
518 1627 628 1686 luerunt,
646 1627 747 1676 Antiate
760 1626 882 1689 Livioque
895 1629 1048 1686 auctoribus,
1128 1672 1132 1680 .

61 1693 87 1748 P.
106 1694 214 1746 Claudio
238 1693 347 1746 Pulchro
375 1691 403 1744 (i.
422 1696 494 1744 Iunio
516 1694 588 1744 Pullo
611 1693 765 1744 consulibus.
800 1695 928 1746 ceroma.
948 1695 979 1744 de
1001 1696 1050 1745 Die

61 1761 122 1814 Nat.
142 1779 200 1827 cop.
222 1762 265 1816 17.
285 1765 325 1827 Of.
343 1763 495 1814 Freimobem.
514 1761 639 1827 Supplem.
660 1778 716 1826 cop.
733 1760 776 1814 31.

112 1837 148 1892 12)
166 1833 212 1882 Est
230 1835 257 1882 in
274 1833 362 1892 Livio,
379 1833 464 1895 quod,
489 1847 568 1893 quum
584 1829 689 1894 quidam
708 1831 816 1895 cupidus
834 1829 894 1880 belii
912 1830 1016 1894 gerendi
1035 1845 1050 1878 a

62 1901 162 1950 tribuno
183 1901 267 1966 plebis
285 1907 426 1960 arceretur,
449 1916 481 1950 ne
499 1901 561 1959 iret,
585 1898 668 1964 pullos
685 1900 759 1948 iussit
778 1898 880 1951 adferri.
912 1899 1049 1960 quiquam

62 1970 154 2018 missas
172 1971 344 2019 accederent
362 1963 465 2035 liugos,
482 1969 589 2018 irridens
608 1967 696 2016 consul
714 1967 851 2031 augurium
867 1966 916 2016 ait:
947 1967 996 2016 Vel
1014 1966 1050 2016 bi·

61 2036 135 2094 tant,-
159 2047 185 2088 et
202 2053 248 2088 eos
265 2039 292 2087 in
309 2038 422 2088 Tiberim
443 2037 629 2102 praecipitavit.
661 2035 721 2085 inde
742 2036 850 2087 navibus
867 2035 948 2086 victor
965 2048 1048 2084 rever-

61 2113 116 2156 teus
136 2108 170 2157 ad
187 2107 302 2156 Africam
321 2107 347 2154 iu
365 2107 430 2155 mari
454 2120 510 2155 cum
527 2106 659 2166 omnibus,
682 2119 746 2166 quos
766 2104 888 2164 ducebat,
911 2103 1048 2152 exstinctus

61 2183 106 2224 est.
126 2174 200 2245 Seru.
216 2177 253 2224 od
265 2177 358 2238 Virpii.
369 2173 498 2290 Amul}
509 2169 926 2291 1ῗὲ.ξζ[ἆζζολααλανα8αρρὶαα
937 2187 993 2234 cop.
1004 2169 1048 2223 21.

488 2257 509 2290 cc
536 2259 569 2292 ι.
684 2279 690 2290 .

68 2329 76 2341 ·
113 2316 147 2370 13)
165 2311 205 2360 De
218 2319 364 2372 quartorum
376 2311 494 2360 ludorum
508 2308 705 2375 (saecularium)
719 2325 785 2360 auno
797 2309 889 2374 triplex
901 2309 987 2373 opinio
1000 2316 1047 2356 est.

63 2380 152 2428 Antias
172 2380 240 2430 enim
260 2387 284 2428 et
301 2381 382 2429 Varro
399 2387 424 2428 et
439 2379 526 2428 Livius
544 2377 636 2427 relatos
654 2392 710 2427 esse
729 2378 894 2442 prodiderunt
911 2375 941 2425 L.
954 2377 1047 2425 Marcio

3 2459 4 2466 ³
62 2446 200 2497 Censorino
217 2447 262 2500 Μ’.
277 2447 370 2497 Manlio
389 2447 544 2506 consulibus,
562 2452 622 2510 post
640 2447 746 2495 Romam
763 2445 891 2495 conditam
907 2459 973 2493 anno
991 2457 1048 2492 sex·

62 2518 199 2566 centesimo
218 2517 314 2578 quinto.
344 2516 472 2566 Censorio.
492 2515 524 2564 de
543 2515 592 2563 Die
610 2513 670 2562 Not.
690 2528 748 2576 cop.
769 2510 810 2562 17.

454 2582 501 2632 Ero
518 2583 560 2631 tib.
578 2580 655 2630 LVI.

113 2659 146 2707 14)
168 2653 219 2712 Qui
228 2653 378 2716 Pompeium
390 2652 506 2701 morbum
519 2663 655 2698 excusasse
667 2647 764 2708 ierunt,
781 2659 829 2703 ne,
848 2658 904 2692 cum
916 2645 1048 2692 interesset

61 2721 201 2781 deditioni,
221 2722 320 2770 animos
339 2721 550 2769 Numantinorum
569 2717 685 2765 irritaret.
727 2714 853 2762 Priscian.
874 2710 915 2760 lib.
936 2710 1046 2760 XVIII.

60 2803 86 2850 p.
107 2785 184 2840 1198.
204 2790 245 2839 ed.
265 2789 367 2839 Putscb.
392 2781 803 2904 ζοΞέῙὶῐῠρῖξζθΧὲιῖῙΚναλὶ.

508 2872 517 2904 l
535 2892 542 2908 ,
706 2885 713 2898 ι

112 2934 146 2987 15)
165 2920 222 2976 Καὶ
234 2917 388 2990 παρελθών
397 2918 437 2980 εἰς
447 2916 501 2988 τὴν
511 2919 596 2971 πόλιν
611 2911 718 2976 ὕπατος
733 2911 784 2983 μὲν
794 2908 994 2994 ἅποδείκναταα
1004 2927 1049 2978 με·

62 2985 94 3042 τὰ
106 2991 233 3046 Κοΐντου
246 2991 410 3059 Πομπηΐαν,
429 2984 605 3055 πεντήκοντα
617 2983 664 3052 ἔτη
679 2979 808 3053 γεγονώς,
821 2988 906 3052 γαμεῖ
917 2977 948 3034 db
959 2997 1049 3049 ναμον

62 3051 249 3125 ἐνδοξότατον
265 3061 418 3114 Καικιλίαν
430 3053 484 3125 τὴν
501 3053 643 3109 Μετέλλαν
660 3051 803 3121 θυγατέρα
819 3055 869 3106 τοῦ
885 3047 1047 3130 ἀρχιερέως·

61 3120 118 3194 Ἐφ’
135 3119 158 3200 ᾦ
176 3123 267 3180 πολλοὶ
286 3125 337 3196 μὲν
355 3125 396 3188 εἰς
414 3121 501 3179 αὐτὸν
519 3114 591 3195 ᾖδον
608 3119 638 3176 οἱ
651 3123 810 3190 δημοτικοί,
829 3119 932 3202 τιολλολἱ
946 3115 1048 3201 biuros

63 3195 182 3264 πρώτων
200 3191 347 3266 ἐνεμέσων,
366 3193 417 3248 ου’νι
433 3189 512 3260 ἄξιον
531 3186 681 3260 ἡγούμενοι
698 3193 750 3259 τῆς
768 3185 899 3258 γυναικὸς
917 3205 950 3240 ον
968 3186 1048 3249 αξιον

63 3255 196 3326 ὁτατέίας
205 3263 331 3335 ἔκριναν,
351 3257 390 3326 cb'c
399 3259 513 3332 φησινὸ
526 3263 617 3322 Τίτος.
638 3265 705 3314 Plut.
715 3263 789 3329 Syllo
800 3261 825 3314 6.
845 3262 885 3325 Of.
897 3257 1047 3308 ibeinsbem.

64 3337 148 3402 Suppl.
166 3354 225 3402 cop.
241 3339 267 3389 2.

113 3413 145 3460 16)
165 3407 237 3458 Sulla
250 3422 327 3470 quum
338 3408 450 3472 primum
464 3403 497 3453 ad
508 3404 596 3453 urbem
609 3409 695 3451 eontra
705 3399 812 3447 Marium
823 3403 906 3445 cestra
917 3395 1047 3455 movisset,
