2364 3862
178 203 239 268 206
310 203 638 266 UBERXL111.0nP.
655 211 698 266 19.
709 213 752 265 ro.
764 215 808 266 rr.
822 205 859 282 [a.
873 209 898 261 u
910 227 943 262 ‚a
955 207 1018 282 aas]

178 362 332 436 praealtus
354 366 384 419 et
405 359 489 419 aditu
505 355 638 418 difficilis
661 357 809 431 cingebat
832 357 909 416 haec
926 369 1011 428 spem
1025 357 1063 415 ad
1078 357 1140 416 resi·

176 444 316 504 siendum
333 441 497 518 oppidanis
511 441 633 501 dabant.
649 440 781 501 Perseus
797 440 1023 504 circumvallato
1036 440 1141 515 oppido

176 541 318 603 aggerem
340 543 358 586 a
379 533 466 604 parte
481 525 642 601 superiore
657 523 770 585 ducere
791 524 932 599 instituit,
953 523 1040 584 cuius
1055 523 1138 582 altitu-

176 612 246 671 dine
261 625 367 670 muros
383 615 550 685 superaret.
576 609 659 683 quod
675 623 756 683 opus
770 610 841 669 dum
858 608 1020 682 perficitur,
1037 607 1140 666 crebris

175 695 292 755 interim
313 693 453 769 proeliis,
478 692 589 767 quibus
612 707 668 767 per
688 693 888 753 excursiones
910 698 940 753 et
959 691 1081 752 moenia
1095 705 1139 750 sua

176 778 323 854 oppidani
338 776 513 837 tutabantur
524 785 554 836 ct
565 791 660 852 opera
671 775 802 836 hostium
814 774 1028 850 impediebant,
1044 788 1140 848 magna

176 869 279 922 eorum
300 861 459 921 multitudo
482 861 573 919 variis
590 860 714 920 casibus
729 859 891 934 absumpta
906 865 968 932 est,
990 865 1020 918 et
1036 859 1087 932 qui
1100 873 1138 916 sn-

174 951 325 1020 pererant,
340 945 447 1004 labore
458 943 567 1004 diurno
578 951 791 1018 nocturnoque
803 949 834 1002 et
844 941 1020 1003 vulneribus
1032 941 1143 1000 inutiles>

174 1035 269 1088 erant.
298 1027 349 1088 ubi
370 1027 500 1103 primum
521 1041 616 1104 agger
634 1027 786 1088 iniunctus
807 1041 894 1086 muro
911 1033 971 1100 est,
996 1032 1025 1084 et
1040 1023 1141 1085 cohors

173 1111 267 1187 regia,
281 1127 359 1188 quos
371 1111 528 1173 Nicatoras
542 1112 705 1186 appellant,
720 1109 922 1183 transcendit,¹
931 1116 962 1169 et
973 1109 1067 1168 scalis
1078 1108 1140 1165 mol·

173 1197 212 1256 tis
234 1196 323 1256 simol
343 1195 481 1271 partibus
502 1195 633 1272 impetus
654 1195 683 1254 in
699 1195 805 1255 urbem
827 1195 995 1253 estractus.
1017 1190 1141 1266 puberes

175 1295 281 1340 omnes
302 1279 449 1339 interiecti
472 1287 557 1350 sunt3
580 1279 727 1354 coniuges
742 1278 919 1352 liberosque
934 1291 1040 1336 eorum
1055 1275 1084 1334 in
1100 1289 1141 1334 cu·

175 1362 304 1423 stodiam
326 1363 425 1430 dedit;
454 1363 589 1437 praedae
610 1363 668 1430 alia
688 1361 813 1421 militum
835 1374 967 1421 cessere.
991 1358 1141 1419 Stuberra

174 1446 244 1504 inde
264 1445 361 1504 victor
381 1451 538 1505 revertens
554 1446 593 1505 ad
609 1446 748 1506 Gentium
763 1447 880 1519 legatos
895 1443 1067 1504 Pleuratum
1079 1442 1140 1518 llly-

174 1524 259 1600 rium,
277 1529 466 1588 exsulantem
483 1529 565 1604 apud
581 1545 625 1603 se,
647 1535 676 1588 et
691 1530 830 1589 Adaeum
845 1528 1046 1588 Macedonem
1061 1542 1079 1584 a
1092 1525 1141 1584 Be·

173 1628 247 1672 roes
258 1610 360 1671 mittit:
376 1610 413 1671 iis
424 1612 557 1685 mandat,
568 1619 602 1672 ut
613 1619 802 1688 exponerent
813 1611 937 1672 aestatis
949 1611 1016 1688 eius
1028 1609 1141 1670 hiemis·

174 1711 235 1772 que
248 1702 316 1756 acta
331 1697 386 1754 stra
401 1696 552 1756 adversus
567 1697 722 1757 Romanos
737 1696 978 1770 Dardanosque
995 1693 1141 1754 adicerent

172 1779 307 1840 recentia
328 1778 358 1839 in
380 1780 503 1859 Illyrico
517 1780 662 1840 hibernae
685 1777 890 1854 expeditionis
912 1793 1022 1853 opera,
1049 1777 1141 1836 horta

171 1857 280 1925 rentur‘
289 1862 427 1923 Gentium
448 1863 478 1924 in
501 1863 660 1924 amicitiam
680 1878 784 1924 secum
801 1867 913 1923 etcum
927 1860 1143 1922 Macedonibus

171 1946 365 2022 iungendam.
387 1947 451 2008 XX.
466 1948 496 2008 hi
512 1946 697 2023 transgressi
711 1947 815 2021 iugum
831 1945 940 2006 Scordi
955 1944 1076 2015 montis
1094 1957 1142 2018 per

171 2031 284 2108 lllyrici
305 2029 502 2104 solitudines,
524 2047 602 2106 quas
623 2031 662 2090 de
685 2030 833 2091 industria
854 2029 1033 2106 populando
1048 2027 1140 2086 Mace·

172 2115 269 2194 dones
285 2114 427 2185 fecerant,
449 2129 489 2173 ne
502 2115 647 2174 transitus
663 2115 767 2174 faciles
782 2112 933 2174 Dardanis
948 2113 978 2172 in
993 2108 1143 2190 illyricum

171 2202 224 2255 aut
242 2195 454 2256 Macedoniam
470 2204 588 2270 essent,
613 2195 761 2258 Scodram
776 2198 881 2258 labore
896 2197 1010 2270 ingenti
1025 2194 1143 2270 tandem

170 2285 385 2354 pervenerunt.
407 2278 487 2340 Lissi
500 2295 557 2339 rex
574 2281 699 2342 Gentius
715 2288 788 2341 erat.
805 2296 842 2342 eo
858 2278 947 2340 acciti
961 2279 1053 2354 legati
1063 2293 1142 2338 man-

170 2363 240 2422 data
256 2369 447 2438 exponentes
461 2363 593 2438 benigne
608 2366 700 2426 auditi
716 2373 801 2435 sunt;
819 2365 870 2438 qui
884 2379 1070 2439 responsum
1083 2361 1145 2420 sine

169 2445 281 2507 effectu
295 2447 436 2521 tulerunt,
451 2448 637 2508 voluntatem
650 2447 709 2508 sibi
723 2463 784 2508 non
797 2447 909 2508 deesse
922 2449 960 2507 ad
972 2445 1142 2508 bellandum
1180 2505 1181 2508 ,

170 2547 239 2591 cum
252 2531 417 2602 Romanls;
433 2539 566 2592 ceterum
582 2533 621 2592 ad
638 2532 810 2592 conandum
825 2532 854 2590 id
872 2532 955 2607 quod
969 2529 1045 2591 velit
1055 2543 1142 2605 pecu·

168 2615 249 2674 niam
263 2615 395 2676 maxime
409 2615 532 2676 deesse.
556 2615 633 2676 haec
648 2614 809 2676 Stuberam
823 2617 967 2676 rettulere
981 2615 1063 2689 regi,
1084 2619 1145 2671 tum

167 2698 299 2758 maxime
320 2699 460 2774 captivos
489 2715 527 2759 ex
553 2696 676 2777 Illyrico
696 2698 849 2759 vendenti.
878 2700 1034 2773 externplo
1055 2696 1144 2756 iidem

168 2782 258 2854 legati
279 2782 382 2842 addito
406 2782 530 2842 Glaucia
552 2797 589 2842 ex
611 2799 737 2856 numero
759 2783 921 2844 custodum
943 2780 1084 2858 eorporis
1097 2791 1143 2836 re·

168 2864 325 2924 mittuntur
341 2865 575 2925 sine-mentione
590 2865 748 2940 pecuniae,
765 2883 825 2942 qua
839 2883 901 2927 non
913 2868 984 2928 data
997 2865 1145 2926 barbarus

167 2945 258 3020 inops
281 2947 393 3021 impelli
413 2948 453 3007 ad
475 2947 588 3009 bellum
603 2966 664 3009 non
680 2957 808 3026 poterat.
829 2953 987 3028 Ancyram
1002 2949 1075 3010 iude
1089 2959 1142 3022 po·

166 3029 288 3103 putatus
309 3029 441 3091 Perseus
469 3032 499 3091 in
520 3031 666 3093 Penestas
688 3047 809 3094 rursum
831 3033 997 3094 exercitum
1018 3029 1142 3102 reducit,

166 3112 356 3188 firmatisque
366 3113 508 3176 Uscanae
524 3123 554 3175 et
569 3115 649 3176 circa
664 3131 730 3176 earn
741 3133 799 3192 per
813 3119 914 3178 omnia
927 3116 1054 3177 castella
1066 3125 1150 3190 qnae

166 3204 325 3272 receperat
341 3199 503 3274 praesidiis
519 3199 548 3258 in
564 3199 776 3264 Macedoniarn
792 3217 863 3262 sese
877 3200 995 3274 recipit.

248 3279 325 3342 XXl.
346 3282 379 3341 L.
401 3279 521 3343 Coelius
542 3285 660 3359 legatus
675 3284 833 3360 Romanus
849 3291 990 3360 praeerat
1003 3281 1159 3360 illyricos·

166 3364 351 3435 quimoveri
374 3380 434 3425 non
458 3380 568 3441 ausus,
594 3383 662 3426 cum
683 3367 712 3427 in
734 3369 770 3428 iis
784 3361 866 3428 locis*¹
875 3383 931 3427 rex
947 3375 1048 3441 esset,
1075 3369 1144 3441 post

165 3446 384 3519 profectionem
407 3449 527 3510 demum
551 3452 616 3510 eius
638 3455 765 3512 conatus
786 3452 814 3510 in
837 3451 973 3512 Penestis
988 3451 1144 3512 Uscanam
