2424 3872
179 208 222 273 58
378 205 493 272 UBER
506 203 567 264 xl.
592 202 675 263 cAP.
687 208 714 265 t.
724 208 751 264 8.
774 207 811 274 [a.
824 206 860 261 U.
872 222 896 258 c.
907 203 970 272 570}

178 358 232 434 qui
252 354 455 432 speculatoris
479 353 518 412 ab
540 367 574 412 se
594 351 706 427 pulsati
727 356 920 425 praesentem
940 349 1086 412 ultionem
1101 365 1163 409 me

179 442 314 504 tuebant
333 453 402 501 cum
412 452 468 499 eos
480 451 604 513 quoque
615 434 786 495 Demetrius
797 432 939 508 traheret,
951 434 1063 493 terrum
1076 441 1164 494 veste

180 524 373 598 abdiderunt,
390 537 451 597 quo
467 535 503 582 se
517 519 616 590 tutari,
632 519 659 579 si
675 535 737 593 qua
750 517 798 578 vis
814 515 909 592 deret,
924 522 1061 591 possent.
1090 515 1164 576 nihil

179 607 291 670 occulti
305 620 378 670 esse
391 605 422 666 in
437 601 582 664 intestina
596 601 752 664 discordia
765 607 878 677 potest.
906 608 1036 677 utraque
1052 599 1163 660 domus

180 690 409 767 speculatorum
428 695 460 750 et
476 686 667 762 proditorum
681 687 774 761 plena
788 693 861 748 erut.
892 690 1105 760 praecucurrit
1120 683 1164 743 in·

181 775 243 836 dex
262 773 304 834 ad
317 771 447 845 Persea,
467 771 549 832 lerro
570 767 746 832 succinctos
768 768 911 832 anulinus
926 783 995 828 cum
1009 767 1164 829 Demetrio

180 863 323 934 quattuor
337 855 550 916 adolescentes
560 853 677 914 venire.
696 853 754 914 etsi
764 867 860 913 eausa
870 850 1166 928 apparebat-nam

180 938 272 1000 abiis
287 939 440 1014 pulsatum
460 937 620 999 convivam
640 953 732 1000 suum
745 935 949 1007 audierat—‚
970 942 1073 994 mmen
1087 932 1165 996 inla-

180 1021 313 1084 mandae
333 1023 378 1084 rei
394 1037 489 1085 causa
501 1021 624 1082 ianuam
638 1017 779 1082 obserari
791 1018 890 1092 iubet,
911 1026 994 1080 etex
1008 1026 1098 1094 parte
1114 1036 1166 1080 su·

180 1107 304 1182 periore
324 1105 446 1167 aedium
465 1105 628 1181 versisque
649 1105 680 1165 in
693 1106 775 1164 viam
795 1102 937 1164 fenestris
952 1103 1166 1178 comisatores,

179 1199 336 1266 tamquam
350 1189 391 1250 ad
405 1189 531 1252 caedem
546 1205 635 1250 suam
650 1189 822 1261 venientes,
844 1186 929 1248 aditu
943 1185 1053 1247 ianuae
1068 1193 1164 1248 arcet.

179 1273 352 1336 Demetrius
366 1273 554 1349 parvinum,
570 1273 655 1348 quod
669 1272 893 1345 excluderetur,
907 1269 1067 1347 paulisper
1080 1269 1167 1332 voci·

180 1358 295 1418 letatus
310 1357 341 1418 in
356 1357 528 1418 convivium
542 1357 630 1428 redit,
645 1355 737 1418 totius
752 1355 796 1416 rei
810 1353 945 1430 ignarus.

157 1480 162 1488 -
263 1439 344 1498 Vlll.
366 1439 495 1502 Postero
510 1439 560 1502 die
570 1437 714 1513 Perseus,
729 1455 798 1501 curn
812 1439 943 1514 primum
958 1435 1167 1499 conveniendi

180 1529 319 1599 potestas
335 1523 431 1598 patris
445 1523 516 1596 luit,
537 1521 653 1596 regiam
667 1522 826 1598 ingressus
841 1521 1018 1598 perturbato
1033 1521 1124 1582 vultu
1138 1519 1166 1580 in

179 1613 352 1681 conspectu
371 1607 465 1681 patris
485 1606 595 1668 tacitus
616 1608 725 1681 procul
746 1606 888 1668 constitit.
922 1605 972 1666 cui
992 1612 1167 1680 cumpater

179 1689 279 1764 „satin
294 1690 421 1752 solvet‘
443 1696 474 1749 et
487 1704 637 1765 quaenam
650 1705 688 1750 ea
700 1688 850 1751 maestitia
863 1696 949 1750 esset
962 1689 1167 1763 interrogaret

178 1787 258 1845 eum,
273 1773 333 1847 „de
349 1773 434 1834 lucro
449 1772 523 1835 tibi‘
537 1771 635 1848 inquit
648 1773 773 1846 „vivere
787 1788 836 1832 ma
850 1771 938 1835 scito.
958 1773 1017 1832 iam
1032 1788 1098 1833 non
1116 1787 1164 1833 oc·

179 1853 269 1917 cultis
284 1873 303 1918 a
316 1858 409 1919 iratre
423 1857 552 1931 petimur
562 1855 697 1926 insidiis;
720 1862 810 1917 nocte
822 1871 891 1918 cum
902 1855 1025 1916 amatis
1038 1855 1168 1917 domum

178 1939 220 2002 ad
239 1939 482 2002 interficiendum
502 1954 551 2000 me
570 1939 667 2013 venit,
689 1939 865 2015 clausisque
880 1939 996 2000 loribus
1010 1938 1168 2014 parietum

180 2023 337 2098 praesidio
357 2040 406 2084 me
420 2040 438 2084 a
452 2026 556 2084 lurore
574 2023 642 2084 eius
663 2039 732 2083 sum
753 2028 898 2086 tutatus.“
930 2038 999 2084 cum
1014 2038 1167 2098 pavorem

178 2105 306 2166 mixtum
321 2106 520 2167 admiratione
534 2106 613 2181 patri
627 2105 793 2180 iniecisset,
807 2105 911 2183 „atqui
926 2106 953 2168 si
967 2121 1061 2167 aures
1074 2123 1168 2182 prae·

178 2188 371 2262 berepotes“
383 2187 490 2263 inquit,
501 2188 1056 2262 „maniiestamremtenoaslaciau1.“
1067 2191 1167 2251 enim·

179 2283 254 2331 uero
269 2287 304 2332 se
318 2270 475 2347 Philippus
489 2271 592 2331 dicere
612 2271 802 2346 auditurum,
823 2273 991 2349 vocarique
1006 2275 1169 2350 extemplo

178 2352 364 2415 Demetrium
380 2353 486 2424 inseite
509 2361 539 2416 et
553 2355 691 2416 seniores
707 2356 823 2417 amicos
838 2356 934 2428 duos,
956 2365 1104 2431 expertes
1120 2359 1169 2418 iu·

177 2437 332 2498 venalium
351 2435 430 2498 inter
450 2439 559 2498 iratres
580 2437 793 2514 certaminum,
818 2440 1028 2515 infrequentes
1051 2441 1115 2500 iam
1136 2441 1167 2500 in

176 2521 279 2596 regia,
291 2520 509 2600 Lysimachum
523 2528 553 2582 et
568 2519 767 2584 Onomastum
780 2522 927 2598 arcessit,
946 2539 1025 2598 quos
1041 2521 1072 2583 in
1090 2539 1169 2584 eon·

179 2604 247 2674 sitio
263 2603 398 2665 haberet
418 2604 490 2666 dum
504 2604 630 2664 veniunt
644 2606 742 2680 amici,
757 2607 843 2666 solus
859 2605 922 2668 lilio
936 2606 1046 2682 procul
1061 2613 1169 2667 stante

175 2689 271 2749 multa
291 2703 397 2752 secum
417 2687 519 2750 animo
533 2688 676 2749 volutans
695 2688 900 2750 inambulavit.
928 2695 1097 2764 postquam
1112 2707 1169 2750 ve·

177 2770 263 2830 nisse
274 2787 330 2832 eos
341 2771 509 2834 nuntiatum
520 2777 576 2843 est,
592 2771 724 2833 secessit
733 2772 764 2833 in
775 2779 892 2848 partem
904 2772 1079 2834 interiorem
1093 2789 1169 2834 cum

173 2853 300 2914 dnobus
315 2852 430 2928 amicis,
444 2854 570 2917 totidem
584 2853 766 2918 custodibus
781 2854 938 2932 corporis;
959 2855 1041 2931 filiis,
1058 2863 1092 2916 ut
1105 2862 1172 2918 ter-

176 2953 236 2997 nos
251 2937 382 2998 incurres
396 2952 502 2999 secum
516 2937 753 3013 introducerent,
768 2939 913 3014 permisit.
945 2938 1072 3000 ibicum
1088 2955 1170 3000 con·

177 3019 327 3094 sedisset,
349 3021 487 3094 ,‚sedeo“
508 3022 608 3098 inquit
628 3023 835 3097 „miserrimus
850 3031 950 3099 pater,
973 3020 1068 3083 iudex
1082 3023 1172 3084 inter

171 3103 257 3164 duos
278 3102 375 3178 lilios,
397 3105 784 3181 accusatoremparricidii
804 3115 834 3168 et
847 3123 947 3180 reum,
969 3114 1022 3167 aut
1036 3107 1171 3168 conficti

176 3192 228 3246 aut
247 3188 404 3249 commissi
420 3189 553 3250 criminis
568 3189 669 3249 labem
683 3188 766 3264 apud
780 3205 867 3251 meos
882 3189 1071 3252 inventurus.
1100 3190 1172 3251 iam

174 3269 294 3344 pridem
306 3271 430 3346 quidem
441 3271 520 3331 lianc
531 3273 698 3346 procellam
709 3271 913 3334 imminentem
925 3271 1077 3347 timebam,
1091 3288 1172 3335 cum

174 3354 278 3416 vultus
299 3354 376 3416 inter
396 3370 455 3414 vos
476 3351 597 3414 minime
614 3355 766 3417 fraternos
782 3371 954 3432 cernerem,
977 3371 1047 3418 eum
1061 3372 1172 3418 voces

173 3437 328 3511 quasdam
342 3435 531 3498 exaudirem.
561 3438 618 3498 sed
631 3438 782 3500 interdum
795 3456 871 3516 spes
885 3440 1019 3500 animum
1035 3439 1175 3503 subibat
