2328 3870
131 162 192 226 134
311 159 427 220 urana
441 157 530 216 lttll.
551 156 634 216 cnr.
649 165 713 219 aa.
736 164 773 232 [a.
786 163 820 215 u.
833 141 929 231 ¹aare]

130 333 238 380 ornnes
258 311 398 374 homines
418 311 499 386 regi,
522 325 580 370 seu
594 310 675 370 iama
689 317 720 370 et
733 310 891 370 maiestate
904 309 1089 373 Macedonum

128 393 234 476 regum
256 397 472 473 praeoccupati
493 394 533 453 ad
548 392 754 469 spernendum
768 394 913 470 originem
928 394 997 478 novi
1009 397 1091 470 regni,
1144 415 1146 422 ’

130 499 187 546 sea
209 480 382 543 mutationis
401 494 504 538 rerum
519 476 637 551 cupidi,
659 492 718 538 seu
732 478 804 553 quia
820 494 882 538 non
896 477 1018 539 subiecti
1031 493 1090 538 esse

128 565 275 628 Romanis
290 563 442 624 volebant.
468 567 555 622 erant
569 568 669 621 autem
684 575 746 620 non
759 562 862 623 Aetoli
877 562 968 624 modo
982 561 1010 620 in
1024 562 1091 640 sedi·

129 649 263 712 tionibus
287 653 411 723 propter
432 648 583 720 ingentem
603 644 665 704 vim
679 646 759 705 aeris
774 645 879 717 alieni,
902 645 959 706 sed
971 643 1091 706 Thessali

128 735 230 794 etiam.
263 749 301 790 ex
323 729 519 803 contagione,
542 729 626 788 velut
639 729 738 800 tabes,
760 729 791 788 in
804 728 1015 790 Perrhaebiam
1029 743 1091 803 quo·

129 833 190 893 que
210 817 242 877 id
262 819 442 890 pervaserat
461 812 584 872 malum.
615 827 684 872 curn
698 811 864 874 Thessalos
884 812 917 873 in
931 811 1019 872 armis
1034 826 1092 871 esse

129 899 297 961 nuntiatum
312 903 368 970 est,
382 897 444 972 Ap.
456 895 611 956 claudinum
626 896 757 970 legatum
772 895 812 956 ad
826 911 882 956 eas
895 911 948 957 res
958 894 1092 971 aspicien·
1163 952 1164 963 ,

129 984 186 1043 das
201 979 496 1056 componendasque
511 977 636 1040 senatus
650 979 739 1039 misit.
773 979 824 1054 qui
839 979 997 1057 utriusque
1011 979 1092 1055 partis
1163 1018 1164 1043 l

128 1064 319 1141 principibus
334 1061 505 1138 castigatis,
526 1077 595 1122 cum
614 1062 726 1123 iniusto
746 1065 854 1124 tenore
875 1071 1030 1139 gravatum
1048 1077 1092 1122 aes

129 1151 275 1222 alienum,
295 1148 373 1223 ipsis
393 1161 504 1222 magna
524 1161 564 1206 ex
578 1152 665 1220 parte
680 1147 920 1208 concedentibus
936 1148 987 1223 qui
1002 1161 1093 1207 onem·

127 1241 204 1307 rant,
220 1234 369 1305 levasset,
385 1231 457 1292 iusti
472 1229 579 1290 crediti
594 1229 777 1292 solutionem
791 1230 823 1290 in
838 1231 946 1292 decem
961 1245 1095 1292 annorum

128 1317 296 1391 pensiones
307 1313 468 1374 distribuit.
484 1329 541 1389 per
551 1314 825 1390 euademAppium
837 1313 1094 1392 eodemquemodo

128 1400 319 1473 compositae
332 1398 363 1456 in
377 1396 560 1457 Perrhaebia
572 1411 633 1456 res.
662 1399 842 1459 Aetolorum
856 1415 969 1460 causas
983 1397 1095 1459 Marcel-

128 1485 175 1542 lus
187 1481 314 1555 Delphis
329 1480 478 1553 peridem
492 1488 614 1554 tempus
624 1479 787 1544 hostilibus
799 1490 883 1544 actas
896 1483 1014 1557 animis,
1028 1495 1095 1558 quos
1161 1528 1164 1545 .

128 1565 269 1625 intestino
284 1570 445 1638 gesserant
458 1563 555 1636 bello,
576 1566 730 1638 cognovit.
763 1583 832 1627 curn
847 1573 992 1628 certatum
1006 1567 1095 1628 utrim-
1161 1616 1164 1631 .

128 1665 188 1725 que
209 1645 377 1709 temeritate
398 1653 491 1722 atque
512 1646 643 1708 audacia
662 1658 814 1726 cerneret,
839 1651 965 1712 decreto
987 1650 1096 1726 quidem

126 1748 185 1794 suo
206 1739 345 1793 neumam
366 1737 483 1805 partem
497 1738 550 1791 aut
563 1733 667 1791 levare
682 1741 734 1794 aut
747 1749 877 1794 onerare
891 1735 1001 1796 voluit:
1024 1748 1094 1794 oom-

128 1815 259 1877 muniter
278 1814 316 1874 ab
333 1815 473 1890 utrisque
487 1815 589 1891 petiit,
609 1815 797 1879 abstinerent
812 1816 893 1878 bello
909 1825 941 1878 et
955 1818 1096 1880 oblivione

127 1898 360 1976 praeteritorum
380 1899 552 1960 discordias
573 1899 703 1961 finirent.
738 1900 831 1962 huius
850 1896 1097 1962 reconciliationis
1156 1942 1157 1945 η

125 1985 204 2044 inter
217 1981 305 2059 ipsos
320 1983 399 2043 fides
414 1981 575 2045 obsidibus
585 1984 664 2044 ultro
679 1985 818 2061 citroque
829 1984 910 2045 datis
922 1985 1040 2046 firmata
1050 1988 1097 2043 est

127 2067 303 2139 corinthus,
324 2073 358 2126 ut
377 2066 418 2125 ibi
432 2067 660 2141 deponerentur
674 2069 815 2142 obsides,
836 2069 991 2130 convenit.
1016 2068 1064 2126 vl.
1083 2080 1098 2122 a

125 2149 252 2224 Delphis
274 2157 304 2208 et
317 2149 457 2208 Aetolico
480 2148 609 2210 concilio
631 2149 794 2213 Marcellus
815 2151 846 2211 in
859 2151 1098 2228 Peloponnesum

125 2233 251 2305 traiecit,
265 2248 327 2306 quo
342 2230 475 2292 Achaeis
490 2231 630 2293 edixerat
642 2243 836 2297 conventum.
869 2235 921 2296 ubi
936 2235 1100 2299 collaudata

18 2327 23 2334 “
124 2322 215 2391 gente
236 2315 322 2390 quod
342 2321 517 2375 constanter
539 2322 627 2378 vetus
641 2318 797 2380 decretum
811 2319 852 2378 de
866 2321 1011 2381 arcendis
1025 2318 1099 2379 aditu

124 2401 230 2461 iininrn
250 2397 375 2474 regibus
387 2397 590 2460 Macedonum
610 2400 796 2474 tenuissent,
816 2403 936 2479 insigne
957 2404 1099 2465 adversus

122 2483 237 2544 Persea
251 2483 355 2544 odium
368 2483 577 2544 Romanorum
593 2485 678 2556 iecit;
702 2486 787 2561 quod
800 2492 834 2547 ut
847 2488 994 2549 maturius
1010 2501 1098 2546 erum·
1160 2525 1162 2546 i

1160 2493 1162 2524 l

123 2575 226 2644 peret,
246 2566 399 2628 Eumenes
418 2582 475 2627 rex
495 2568 746 2630 commentarium
761 2569 863 2630 terens
879 2586 1001 2646 seeum,
1024 2566 1100 2646 quod
1160 2579 1161 2606 ³

123 2652 163 2711 de
177 2651 377 2728 apparatibus
391 2651 462 2711 belli
478 2653 580 2712 omnia
593 2652 750 2729 inquirens
765 2653 893 2729 iecerat,
911 2654 1040 2716 Romam
1054 2667 1099 2711 ve·

123 2734 174 2794 nit.
199 2750 254 2810 per
268 2736 349 2795 idem
363 2742 484 2811 tempus
500 2737 637 2811 quinque
651 2737 744 2812 legati
757 2736 798 2798 ad
812 2752 918 2812 regern
932 2739 1035 2811 missi,
1053 2732 1099 2811 qui

123 2833 173 2878 res
189 2817 220 2876 in
236 2817 417 2879 Macedonia
431 2820 615 2893 aspicerent.
638 2820 865 2881 Alexandream
878 2822 970 2882 iidem
985 2822 1026 2884 ad
1037 2820 1098 2880 Pto·

123 2903 271 2960 temaeum
292 2901 490 2962 renovandae
510 2901 659 2961 amicitiae
673 2918 768 2963 causa
782 2905 938 2980 proficisci
952 2906 1039 2966 iussi.
1060 2903 1097 2964 le·

121 2983 183 3057 gani
204 2991 290 3044 erant
310 2983 356 3041 hi:
385 2984 416 3044 c.
431 2985 574 3046 Valerius
590 2986 643 3046 Cn.
657 2985 795 3048 Lutatius
811 2987 906 3050 Cerco
922 2989 957 3066 Q.
971 2987 1098 3050 Baebius

123 3066 216 3126 Sulca
229 3065 270 3126 Μ.
287 3066 443 3128 Cornelius
458 3067 623 3132 Mammula
642 3069 682 3130 M.
700 3071 848 3134 Caecilius
862 3074 985 3135 Denter.
1018 3081 1048 3134 et
1064 3067 1098 3128 ab

119 3150 273 3211 Antiocho
288 3165 362 3227 rege
377 3153 435 3213 sub
449 3153 529 3214 idern
546 3161 665 3231 tempus
680 3156 771 3231 legati
786 3166 950 3228 venerunt;
974 3166 1098 3234 quorum

121 3235 266 3310 princeps
281 3235 465 3310 Apollonius
479 3238 510 3296 in
525 3246 664 3299 senatum
678 3240 868 3300 introductus
884 3241 985 3302 multis
1000 3237 1097 3301 iustis·

121 3333 182 3392 que
194 3319 297 3380 causis
309 3334 412 3394 regem
422 3323 590 3394 excusavit,
607 3322 691 3397 quod
703 3323 887 3397 stipendium
897 3326 997 3386 serias
1011 3335 1097 3397 quam

120 3402 160 3460 ad
174 3401 255 3462 diem
276 3409 460 3476 praestarem
486 3403 517 3463 id
531 3420 566 3464 se
582 3421 671 3466 omne
685 3407 865 3482 advexisse,
887 3423 926 3467 ne
941 3407 1027 3468 euius
1044 3401 1098 3463 nisi
