2368 3858
186 169 250 233 270
386 167 500 228 LIBER
514 167 604 231 XLV.
627 166 710 226 cAP.
726 173 768 227 19.
792 171 827 238 [a.
839 169 873 222 U.
885 187 908 221 c.
920 169 981 232 585]

187 318 456 396 praemiorumque
472 316 510 376 ab
525 323 643 387 senatu,
660 329 741 391 quae
754 315 807 374 vix
823 315 909 374 salva
924 315 1031 389 pietate
1044 315 1070 374 ei
1085 331 1140 376 con·

186 405 305 478 tingere
320 407 469 477 poterant
492 405 581 460 eraut
594 399 673 458 enim
688 397 813 473 quidam
823 399 1027 458 Romanorum
1040 414 1142 474 quoque

187 503 248 548 non
270 485 343 547 boni
362 490 521 556 auctores,
547 482 600 557 qui
621 498 679 557 spe
700 481 898 557 cupiditatem
917 481 985 542 eius
1006 481 1142 540 elicerent:

187 586 256 632 eam
277 565 453 643 opinionem
474 565 513 625 de
533 566 634 626 Attalo
656 573 686 625 et
699 565 835 624 Eumene
848 567 965 626 Romae
979 579 1064 638 esse,
1084 573 1142 625 tan·

188 669 280 728 quam
296 651 336 710 de
349 652 444 710 altero
459 648 606 710 Romanis
620 657 702 709 certo
717 648 826 721 arnico,
840 650 935 708 altero
950 663 1009 708 nec
1018 649 1143 708 Romanis

188 752 245 796 nec
259 733 364 794 Persei
377 733 440 794 tldo
452 733 549 793 socio.
571 733 675 806 itaque
686 731 738 791 vix
749 731 840 792 statui
851 747 958 807 posse,
973 738 1072 791 utrum
1082 746 1144 804 quae

187 835 245 896 pro
261 832 305 890 se,
321 833 360 876 an
375 832 455 890 quae
469 822 576 876 contra
591 815 714 874 tratrem
727 815 879 890 petiturus
893 821 988 888 esset,
1004 814 1145 874 abserat

186 899 285 976 magis
307 898 509 974 impetrabilia
522 900 637 960 torena
660 899 739 958 adeo
753 898 917 958 universos
932 897 1036 958 omnia
1048 902 1077 957 et
1090 897 1145 956 huic

184 984 321 1048 tribuere
333 982 415 1043 etilli
426 982 625 1057 iurenegare.
647 997 754 1042 eorum
765 981 930 1055 homiuum,
945 988 1041 1042 utres
1052 979 1144 1052 docuit,

186 1069 308 1129 Attalus
323 1073 396 1138 erat,
412 1064 465 1140 qui
480 1072 626 1142 quantum
641 1081 715 1140 spes
730 1064 953 1139 spopondisset
964 1071 1112 1140 cuperent,
1123 1061 1146 1122 ni

187 1152 278 1212 unius
294 1150 382 1211 amici
397 1149 534 1225 prudeus
548 1149 672 1210 monitio
688 1149 781 1209 veluti
794 1150 898 1208 irenos
914 1149 1019 1208 animo
1034 1147 1094 1207 eius
1106 1161 1145 1221 ge

188 1236 289 1298 stienti
311 1233 456 1294 secundis
476 1233 570 1294 rebus
590 1232 799 1306 imposuisset.
823 1229 953 1293 Stratius
975 1248 1046 1292 cum
1059 1247 1093 1291 eo
1107 1229 1147 1290 luit

187 1319 336 1391 medicus,
350 1319 390 1377 ad
406 1317 436 1376 id
451 1317 554 1390 ipsum
568 1333 587 1376 a
602 1332 664 1378 non
679 1331 790 1376 securo
804 1315 941 1376 Eumene
951 1317 1080 1377 Romam
1091 1313 1146 1372 mis

188 1418 259 1476 aus,
274 1401 450 1475 speculator
464 1415 580 1473 rerum,
596 1414 676 1474 quae
690 1416 709 1458 a
724 1401 816 1459 fratre
829 1405 1008 1474 agerentur,
1024 1397 1147 1459 monitor·

189 1485 368 1558 quatinus,
391 1483 418 1544 si
441 1483 549 1544 decedi
569 1481 632 1542 ilde
652 1483 789 1544 vidisset.
819 1483 847 1542 is
869 1483 909 1544 ad
923 1479 1147 1558 occupatasiau

188 1583 280 1628 aures
294 1565 551 1642 sollicitatumque
564 1565 623 1626 iam
637 1566 770 1627 animum
784 1582 854 1626 cum
867 1566 1022 1642 venisset,
1043 1565 1148 1640 adgres-

188 1667 242 1711 sus
263 1648 454 1724 tempestivis
475 1649 667 1710 sermonibus
684 1665 749 1710 rem
769 1664 866 1724 prope
886 1650 1067 1726 prolapsam
1078 1645 1148 1706 resti·

187 1735 252 1807 tuit,
263 1733 332 1794 aliis
344 1731 504 1809 aliaregna
515 1731 651 1794 crevisse
661 1733 754 1792 rebus
764 1733 894 1794 dicendo
903 1755 912 1790 a
922 1743 1147 1808 regnumeoruu

188 1834 318 1889 novum,
345 1817 435 1876 nullis
457 1815 585 1877 vetustis
605 1815 762 1876 tundalum
786 1816 912 1890 opibus,
936 1818 1071 1877 fraterna
1084 1820 1148 1874 stare

189 1900 371 1973 concordia,
394 1900 479 1974 quod
499 1915 579 1960 unus
599 1915 710 1959 nomen
724 1898 842 1974 regium
857 1907 887 1960 et
901 1899 1100 1976 praecipuum
1111 1911 1150 1955 ca·

188 1984 260 2059 pitis
275 1983 396 2057 insigne
410 1988 504 2057 gerat,
529 1997 636 2043 omnes
652 1983 759 2044 iratres
773 1990 913 2056 regnent.
934 1984 1070 2045 Attalum
1083 1995 1150 2051 vero,

188 2067 241 2141 qui
256 2072 355 2128 aetate
370 2066 528 2141 proximus
543 2066 591 2140 sil,
607 2065 676 2141 quis
688 2081 749 2126 non
761 2082 817 2141 pro
829 2081 903 2140 rege
912 2064 1048 2128 babeam
1067 2075 1151 2138 neque

187 2165 225 2210 eo
242 2150 357 2221 solum,
382 2147 454 2222 quia
474 2153 574 2208 tantas
589 2157 770 2223 praesentes
786 2148 853 2210 eius
869 2165 947 2225 opes
966 2156 1087 2222 cernat,
1106 2145 1151 2206 sed

189 2229 272 2306 quod
294 2231 376 2290 haud
392 2228 566 2304 ambiguum
580 2245 679 2306 prope
693 2232 774 2292 diem
787 2241 984 2308 regnaturum
999 2249 1072 2294 eum
1083 2229 1151 2291 infir·

187 2314 291 2374 mitate
310 2318 472 2388 aetateque
489 2311 633 2374 Eumenis
649 2323 748 2390 esset,
768 2317 880 2376 nullam
895 2317 1026 2394 stirpem
1039 2315 1152 2376 liherutt

186 2397 344 2458 habentis=
365 2426 408 2440 —-
433 2397 565 2458 necdum
588 2397 666 2458 enim
687 2407 856 2474 agnoverat
875 2416 958 2474 eum,
984 2403 1039 2477 qui
1059 2405 1153 2474 postea

186 2482 327 2556 regnavit
339 2513 383 2527 -
404 2481 478 2557 quid
496 2479 624 2542 attinere
644 2482 704 2542 vim
725 2483 847 2544 adferre
866 2485 910 2545 rei
925 2501 982 2547 sua
1001 2477 1152 2560 spoutead

190 2581 258 2626 etun
273 2583 346 2626 mox
359 2571 526 2626 venturae?
542 2566 716 2626 accessisse
731 2567 820 2627 etiam
833 2583 943 2629 novam
953 2571 1151 2645 tempestatem

187 2665 284 2722 regno
299 2650 445 2711 tumultus
461 2649 575 2723 Gallici,
592 2650 640 2710 cui
655 2650 708 2709 vix
723 2665 879 2715 consensu
893 2658 924 2712 et
938 2651 1103 2714 eoncordia
1114 2663 1152 2706 re·

188 2748 259 2807 gum
273 2732 376 2794 resisti
391 2739 491 2808 queat.
513 2731 541 2792 si
554 2747 628 2792 vero
647 2733 687 2794 ad
701 2741 860 2796 externum
873 2735 985 2796 bellum
997 2731 1152 2797 domestica

188 2817 298 2876 seditio
317 2814 481 2890 adiciatur,
503 2815 570 2876 sisti
591 2832 652 2875 non
674 2833 781 2892 posse.
803 2834 861 2878 nec
882 2820 965 2903 aliud
978 2835 1050 2879 etun
1065 2829 1152 2894 quant

187 2912 226 2956 ue
248 2900 340 2958 irater
361 2899 392 2957 in
413 2913 508 2974 regno
521 2897 680 2974 moriatur,
702 2899 761 2962 sibi
776 2902 837 2976 ipsi
857 2917 944 2977 spem
959 2903 1153 2979 propinquam

185 2982 272 3054 regni
284 2987 469 3056 erepturum.
488 2981 515 3042 si
528 2987 655 3058 utraque
666 2985 802 3058 gloriosa
813 3000 864 3046 res
876 2992 969 3060 esset,
982 2992 1012 3047 et
1022 2994 1152 3048 servasse

188 3065 272 3124 tratri
300 3080 428 3139 regnum
454 3073 484 3126 et
504 3065 673 3141 eripuisse,
702 3069 814 3128 servati
836 3076 936 3130 tantm
956 3070 1058 3146 regni,
1085 3077 1153 3142 quat

186 3147 290 3209 iuncta
311 3148 413 3222 pietati
427 3148 476 3222 sit,
499 3150 649 3224 potiorem
665 3152 787 3211 laudem
803 3151 909 3214 luisse.
934 3153 993 3214 sed
1009 3153 1151 3213 enimvero

186 3247 255 3292 cum
267 3231 455 3292 detestabilis
470 3233 565 3294 altera
579 3251 630 3294 ros
645 3241 675 3294 et
690 3236 830 3310 proxima
844 3235 1009 3310 parricidio
1024 3235 1071 3309 sit,
1088 3229 1152 3309 quid

185 3315 226 3374 ad
246 3316 496 3376 deliberationem
518 3317 601 3377 dubii
621 3325 810 3392 superesset
831 3326 931 3380 utrum
952 3321 1031 3380 enim
1046 3324 1152 3394 partem

186 3400 272 3474 regni
296 3399 458 3474 petiturum
478 3415 564 3473 esse,
590 3415 629 3459 an
649 3406 743 3460 toturn
765 3410 961 3476 erepturumt
989 3405 1016 3464 si
1035 3407 1149 3478 portent
