<?xml version="1.0" encoding="UTF-8"?>
<!DOCTYPE html PUBLIC "-//W3C//DTD XHTML 1.0 Transitional//EN"
    "http://www.w3.org/TR/xhtml1/DTD/xhtml1-transitional.dtd">
<html xmlns="http://www.w3.org/1999/xhtml" xml:lang="en" lang="en">
 <head>
  <title>
</title>
<meta http-equiv="Content-Type" content="text/html;charset=utf-8" />
  <meta name='ocr-system' content='tesseract 3.04.00' />
  <meta name='ocr-capabilities' content='ocr_page ocr_carea ocr_par ocr_line ocrx_word'/>
</head>
<body>
  <div class='ocr_page' id='page_1' title='image "./titiliviaburbec01livygoog_0031.png"; bbox 0 0 2424 3872; ppageno 0'>
   <div class='ocr_carea' id='block_1_1' title="bbox 153 189 981 315">
    <p class='ocr_par' dir='ltr' id='par_1_1' title="bbox 153 189 981 315">
     <span class='ocr_line' id='line_1_1' title="bbox 153 189 981 315; baseline 0.007 -17"><span class='ocrx_word' id='word_1_1' title='bbox 153 189 275 301; x_wconf 32' lang='lat' dir='ltr'><strong>&#39;llBElt</strong></span> <span class='ocrx_word' id='word_1_2' title='bbox 287 240 417 300; x_wconf 87' lang='lat' dir='ltr'>XXXIX.</span> <span class='ocrx_word' id='word_1_3' title='bbox 440 241 523 300; x_wconf 86' lang='lat' dir='ltr'><strong>CAP.</strong></span> <span class='ocrx_word' id='word_1_4' title='bbox 538 249 564 302; x_wconf 70' lang='lat' dir='ltr'><strong>b.</strong></span> <span class='ocrx_word' id='word_1_5' title='bbox 575 249 602 303; x_wconf 83' lang='lat'><strong>3.</strong></span> <span class='ocrx_word' id='word_1_6' title='bbox 613 251 640 304; x_wconf 80' lang='lat' dir='ltr'><strong>t.</strong></span> <span class='ocrx_word' id='word_1_7' title='bbox 664 248 700 315; x_wconf 84' lang='lat' dir='ltr'><strong>[a.</strong></span> <span class='ocrx_word' id='word_1_8' title='bbox 713 248 746 305; x_wconf 86' lang='lat' dir='ltr'><strong>C.</strong></span> <span class='ocrx_word' id='word_1_9' title='bbox 759 247 822 315; x_wconf 86' lang='grc'>187]</span> <span class='ocrx_word' id='word_1_10' title='bbox 961 240 981 304; x_wconf 80' lang='grc'>3</span> 
     </span>
    </p>
   </div>
   <div class='ocr_carea' id='block_1_2' title="bbox 52 390 995 3469">
    <p class='ocr_par' dir='ltr' id='par_1_2' title="bbox 52 390 984 1302">
     <span class='ocr_line' id='line_1_2' title="bbox 54 390 982 468; baseline 0.004 -16"><span class='ocrx_word' id='word_1_11' title='bbox 54 398 87 452; x_wconf 87' lang='lat' dir='ltr'><strong>tus</strong></span> <span class='ocrx_word' id='word_1_12' title='bbox 100 391 180 466; x_wconf 89' lang='lat' dir='ltr'><strong>prino</strong></span> <span class='ocrx_word' id='word_1_13' title='bbox 198 391 312 452; x_wconf 86' lang='lat' dir='ltr'><strong>levibus</strong></span> <span class='ocrx_word' id='word_1_14' title='bbox 327 390 453 466; x_wconf 88' lang='lat' dir='ltr'><strong>proeliis</strong></span> <span class='ocrx_word' id='word_1_15' title='bbox 466 393 618 468; x_wconf 80' lang='lat' dir='ltr'><strong>fatigavit,</strong></span> <span class='ocrx_word' id='word_1_16' title='bbox 640 402 797 468; x_wconf 91' lang='lat' dir='ltr'><strong>postremo</strong></span> <span class='ocrx_word' id='word_1_17' title='bbox 813 403 937 457; x_wconf 89' lang='lat' dir='ltr'><strong>coaetos</strong></span> <span class='ocrx_word' id='word_1_18' title='bbox 952 395 982 456; x_wconf 94' lang='lat' dir='ltr'><strong>in</strong></span> 
     </span>
     <span class='ocr_line' id='line_1_3' title="bbox 54 473 981 554; baseline 0.005 -21"><span class='ocrx_word' id='word_1_19' title='bbox 54 473 122 534; x_wconf 87' lang='lat' dir='ltr'><strong>aden</strong></span> <span class='ocrx_word' id='word_1_20' title='bbox 136 475 308 534; x_wconf 84' lang='lat' dir='ltr'>descendere</span> <span class='ocrx_word' id='word_1_21' title='bbox 322 475 403 536; x_wconf 91' lang='lat' dir='ltr'><strong>iusto</strong></span> <span class='ocrx_word' id='word_1_22' title='bbox 417 475 535 552; x_wconf 89' lang='lat' dir='ltr'><strong>proelio</strong></span> <span class='ocrx_word' id='word_1_23' title='bbox 551 477 679 550; x_wconf 69' lang='lat' dir='ltr'><strong>deviet,</strong></span> <span class='ocrx_word' id='word_1_24' title='bbox 701 475 731 537; x_wconf 92' lang='lat' dir='ltr'><strong>in</strong></span> <span class='ocrx_word' id='word_1_25' title='bbox 749 493 813 554; x_wconf 90' lang='lat' dir='ltr'><strong>qao</strong></span> <span class='ocrx_word' id='word_1_26' title='bbox 827 486 858 539; x_wconf 91' lang='lat' dir='ltr'><strong>et</strong></span> <span class='ocrx_word' id='word_1_27' title='bbox 874 479 981 539; x_wconf 89' lang='lat' dir='ltr'><strong>aedem</strong></span> 
     </span>
     <span class='ocr_line' id='line_1_4' title="bbox 52 555 982 636; baseline 0.004 -18"><span class='ocrx_word' id='word_1_28' title='bbox 52 555 223 618; x_wconf 80' lang='lat' dir='ltr'><strong>biuacvorit.</strong></span> <span class='ocrx_word' id='word_1_29' title='bbox 235 558 372 618; x_wconf 88' lang='lat' dir='ltr'><strong>subactis</strong></span> <span class='ocrx_word' id='word_1_30' title='bbox 382 559 428 619; x_wconf 85' lang='lat' dir='ltr'><strong>cis</strong></span> <span class='ocrx_word' id='word_1_31' title='bbox 435 558 633 635; x_wconf 80' lang='lat' dir='ltr'>Apenninum</span> <span class='ocrx_word' id='word_1_32' title='bbox 646 561 798 636; x_wconf 87' lang='lat' dir='ltr'><strong>omnibus,</strong></span> <span class='ocrx_word' id='word_1_33' title='bbox 809 568 875 622; x_wconf 86' lang='lat' dir='ltr'><strong>turn</strong></span> <span class='ocrx_word' id='word_1_34' title='bbox 885 569 982 622; x_wconf 77' lang='lat' dir='ltr'><strong>nans-</strong></span> 
     </span>
     <span class='ocr_line' id='line_1_5' title="bbox 52 641 984 720; baseline 0.005 -21"><span class='ocrx_word' id='word_1_35' title='bbox 52 647 174 701; x_wconf 89' lang='lat' dir='ltr'><strong>nontanos</strong></span> <span class='ocrx_word' id='word_1_36' title='bbox 193 641 317 702; x_wconf 91' lang='lat' dir='ltr'><strong>adortus</strong></span> <span class='ocrx_word' id='word_1_37' title='bbox 326 673 370 686; x_wconf 42' lang='lat'><strong>1-</strong></span> <span class='ocrx_word' id='word_1_38' title='bbox 381 642 411 701; x_wconf 92' lang='lat' dir='ltr'><strong>in</strong></span> <span class='ocrx_word' id='word_1_39' title='bbox 436 641 485 703; x_wconf 91' lang='lat' dir='ltr'><strong>his</strong></span> <span class='ocrx_word' id='word_1_40' title='bbox 511 651 541 705; x_wconf 87' lang='lat' dir='ltr'><strong>et</strong></span> <span class='ocrx_word' id='word_1_41' title='bbox 560 643 710 706; x_wconf 76' lang='lat' dir='ltr'>Friniates</span> <span class='ocrx_word' id='word_1_42' title='bbox 734 645 863 720; x_wconf 77' lang='lat' dir='ltr'>Ligures</span> <span class='ocrx_word' id='word_1_43' title='bbox 888 653 984 720; x_wconf 89' lang='lat' dir='ltr'><strong>crant,</strong></span> 
     </span>
     <span class='ocr_line' id='line_1_6' title="bbox 53 724 983 798; baseline 0.004 -14"><span class='ocrx_word' id='word_1_44' title='bbox 53 739 109 798; x_wconf 86' lang='lat' dir='ltr'><strong>quos</strong></span> <span class='ocrx_word' id='word_1_45' title='bbox 126 740 179 784; x_wconf 87' lang='lat' dir='ltr'><strong>non</strong></span> <span class='ocrx_word' id='word_1_46' title='bbox 195 725 310 786; x_wconf 88' lang='lat' dir='ltr'><strong>adierat</strong></span> <span class='ocrx_word' id='word_1_47' title='bbox 329 724 361 786; x_wconf 85' lang='lat' dir='ltr'><strong>C.</strong></span> <span class='ocrx_word' id='word_1_48' title='bbox 380 725 546 787; x_wconf 85' lang='lat' dir='ltr'><strong>Flaminius</strong></span> <span class='ocrx_word' id='word_1_49' title='bbox 561 757 598 772; x_wconf 85' lang='lat'><strong>·-</strong></span> <span class='ocrx_word' id='word_1_50' title='bbox 612 743 719 789; x_wconf 86' lang='lat' dir='ltr'><strong>onmes</strong></span> <span class='ocrx_word' id='word_1_51' title='bbox 740 729 890 789; x_wconf 80' lang='lat' dir='ltr'><strong>Aemilius</strong></span> <span class='ocrx_word' id='word_1_52' title='bbox 911 729 983 788; x_wconf 90' lang='lat' dir='ltr'><strong>sub·</strong></span> 
     </span>
     <span class='ocr_line' id='line_1_7' title="bbox 52 804 983 888; baseline 0.004 -20"><span class='ocrx_word' id='word_1_53' title='bbox 52 804 240 884; x_wconf 65' lang='lat' dir='ltr'><strong>alternaque</strong></span> <span class='ocrx_word' id='word_1_54' title='bbox 255 809 383 880; x_wconf 80' lang='lat' dir='ltr'>ademit,</span> <span class='ocrx_word' id='word_1_55' title='bbox 398 817 428 870; x_wconf 90' lang='lat' dir='ltr'><strong>et</strong></span> <span class='ocrx_word' id='word_1_56' title='bbox 443 810 649 872; x_wconf 80' lang='lat' dir='ltr'><strong>dementibus</strong></span> <span class='ocrx_word' id='word_1_57' title='bbox 664 811 694 870; x_wconf 94' lang='lat' dir='ltr'><strong>in</strong></span> <span class='ocrx_word' id='word_1_58' title='bbox 710 827 836 888; x_wconf 86' lang='lat' dir='ltr'><strong>campos</strong></span> <span class='ocrx_word' id='word_1_59' title='bbox 851 811 983 874; x_wconf 86' lang='lat' dir='ltr'><strong>multitu-</strong></span> 
     </span>
     <span class='ocr_line' id='line_1_8' title="bbox 52 887 984 971; baseline 0.008 -24"><span class='ocrx_word' id='word_1_60' title='bbox 52 887 124 948; x_wconf 87' lang='lat' dir='ltr'><strong>dinen</strong></span> <span class='ocrx_word' id='word_1_61' title='bbox 143 891 265 952; x_wconf 80' lang='lat' dir='ltr'><strong>dedundt</strong></span> <span class='ocrx_word' id='word_1_62' title='bbox 302 893 419 966; x_wconf 77' lang='lat' dir='ltr'><strong>pacatis</strong></span> <span class='ocrx_word' id='word_1_63' title='bbox 443 891 606 968; x_wconf 80' lang='lat' dir='ltr'><strong>Liguribus</strong></span> <span class='ocrx_word' id='word_1_64' title='bbox 632 895 800 956; x_wconf 84' lang='lat' dir='ltr'><strong>exercitum</strong></span> <span class='ocrx_word' id='word_1_65' title='bbox 824 895 853 955; x_wconf 87' lang='lat' dir='ltr'><strong>in</strong></span> <span class='ocrx_word' id='word_1_66' title='bbox 878 909 984 971; x_wconf 76' lang='lat' dir='ltr'><strong>agrum</strong></span> 
     </span>
     <span class='ocr_line' id='line_1_9' title="bbox 53 970 983 1053; baseline 0.005 -19"><span class='ocrx_word' id='word_1_67' title='bbox 53 970 159 1034; x_wconf 75' lang='lat' dir='ltr'><strong>Gaditana</strong></span> <span class='ocrx_word' id='word_1_68' title='bbox 171 973 267 1050; x_wconf 80' lang='lat' dir='ltr'><strong>duxit,</strong></span> <span class='ocrx_word' id='word_1_69' title='bbox 282 975 426 1051; x_wconf 66' lang='lat' dir='ltr'><strong>numque</strong></span> <span class='ocrx_word' id='word_1_70' title='bbox 441 976 480 1036; x_wconf 86' lang='lat' dir='ltr'><strong>ab</strong></span> <span class='ocrx_word' id='word_1_71' title='bbox 492 975 660 1053; x_wconf 75' lang='lat' dir='ltr'><strong>Placentia,</strong></span> <span class='ocrx_word' id='word_1_72' title='bbox 676 984 710 1038; x_wconf 92' lang='lat' dir='ltr'><strong>ut</strong></span> <span class='ocrx_word' id='word_1_73' title='bbox 722 975 887 1043; x_wconf 82' lang='lat' dir='ltr'><strong>Flaminiae</strong></span> <span class='ocrx_word' id='word_1_74' title='bbox 903 993 983 1040; x_wconf 90' lang='lat' dir='ltr'><strong>com·</strong></span> 
     </span>
     <span class='ocr_line' id='line_1_10' title="bbox 52 1054 984 1139; baseline 0.008 -25"><span class='ocrx_word' id='word_1_75' title='bbox 52 1054 152 1132; x_wconf 76' lang='lat' dir='ltr'><strong>meret</strong></span> <span class='ocrx_word' id='word_1_76' title='bbox 163 1057 325 1120; x_wconf 74' lang='lat' dir='ltr'><strong>Ariminum</strong></span> <span class='ocrx_word' id='word_1_77' title='bbox 339 1058 492 1134; x_wconf 85' lang='lat' dir='ltr'><strong>perduxit.</strong></span> <span class='ocrx_word' id='word_1_78' title='bbox 514 1060 631 1135; x_wconf 89' lang='lat' dir='ltr'><strong>proelio</strong></span> <span class='ocrx_word' id='word_1_79' title='bbox 645 1061 760 1135; x_wconf 91' lang='lat' dir='ltr'><strong>ultimo,</strong></span> <span class='ocrx_word' id='word_1_80' title='bbox 777 1077 838 1139; x_wconf 87' lang='lat' dir='ltr'><strong>quo</strong></span> <span class='ocrx_word' id='word_1_81' title='bbox 855 1079 923 1123; x_wconf 87' lang='lat' dir='ltr'><strong>curn</strong></span> <span class='ocrx_word' id='word_1_82' title='bbox 937 1062 984 1121; x_wconf 88' lang='lat' dir='ltr'><strong>Li-</strong></span> 
     </span>
     <span class='ocr_line' id='line_1_11' title="bbox 52 1137 984 1220; baseline 0.008 -23"><span class='ocrx_word' id='word_1_83' title='bbox 52 1137 143 1210; x_wconf 73' lang='lat' dir='ltr'><strong>guribus</strong></span> <span class='ocrx_word' id='word_1_84' title='bbox 163 1142 252 1216; x_wconf 83' lang='lat' dir='ltr'><strong>signis</strong></span> <span class='ocrx_word' id='word_1_85' title='bbox 279 1143 400 1203; x_wconf 86' lang='lat' dir='ltr'><strong>collatis</strong></span> <span class='ocrx_word' id='word_1_86' title='bbox 425 1141 577 1216; x_wconf 80' lang='lat' dir='ltr'><strong>condixit,</strong></span> <span class='ocrx_word' id='word_1_87' title='bbox 603 1144 712 1205; x_wconf 84' lang='lat' dir='ltr'><strong>aedem</strong></span> <span class='ocrx_word' id='word_1_88' title='bbox 733 1144 842 1205; x_wconf 89' lang='lat' dir='ltr'><strong>lunoni</strong></span> <span class='ocrx_word' id='word_1_89' title='bbox 861 1147 984 1220; x_wconf 77' lang='lat' dir='ltr'><strong>reginae</strong></span> 
     </span>
     <span class='ocr_line' id='line_1_12' title="bbox 54 1219 682 1302; baseline 0.011 -25"><span class='ocrx_word' id='word_1_90' title='bbox 54 1219 117 1280; x_wconf 79' lang='lat' dir='ltr'><strong>novit</strong></span> <span class='ocrx_word' id='word_1_91' title='bbox 133 1223 200 1285; x_wconf 51' lang='lat' dir='ltr'><strong>haec¹</strong></span> <span class='ocrx_word' id='word_1_92' title='bbox 211 1225 241 1284; x_wconf 94' lang='lat' dir='ltr'><strong>in</strong></span> <span class='ocrx_word' id='word_1_93' title='bbox 254 1225 420 1300; x_wconf 75' lang='lat' dir='ltr'><strong>Liguribus</strong></span> <span class='ocrx_word' id='word_1_94' title='bbox 435 1241 473 1286; x_wconf 90' lang='lat' dir='ltr'><strong>eo</strong></span> <span class='ocrx_word' id='word_1_95' title='bbox 488 1242 570 1287; x_wconf 92' lang='lat' dir='ltr'><strong>anno</strong></span> <span class='ocrx_word' id='word_1_96' title='bbox 585 1234 682 1302; x_wconf 75' lang='lat' dir='ltr'><strong>gesta</strong></span> 
     </span>
    </p>

    <p class='ocr_par' dir='ltr' id='par_1_3' title="bbox 53 1305 988 1884">
     <span class='ocr_line' id='line_1_13' title="bbox 111 1305 986 1384; baseline 0.007 -20"><span class='ocrx_word' id='word_1_97' title='bbox 111 1305 147 1364; x_wconf 90' lang='lat' dir='ltr'><strong>lll.</strong></span> <span class='ocrx_word' id='word_1_98' title='bbox 165 1308 195 1367; x_wconf 92' lang='lat' dir='ltr'><strong>ln</strong></span> <span class='ocrx_word' id='word_1_99' title='bbox 210 1308 307 1369; x_wconf 77' lang='lat' dir='ltr'><strong>Gallia</strong></span> <span class='ocrx_word' id='word_1_100' title='bbox 320 1307 360 1367; x_wconf 87' lang='grc' dir='ltr'><strong>Μ.</strong></span> <span class='ocrx_word' id='word_1_101' title='bbox 374 1307 487 1369; x_wconf 86' lang='lat' dir='ltr'><strong>Furius</strong></span> <span class='ocrx_word' id='word_1_102' title='bbox 507 1318 631 1384; x_wconf 88' lang='lat' dir='ltr'><strong>praetor</strong></span> <span class='ocrx_word' id='word_1_103' title='bbox 650 1309 825 1372; x_wconf 83' lang='lat' dir='ltr'><strong>insontibus</strong></span> <span class='ocrx_word' id='word_1_104' title='bbox 841 1311 986 1371; x_wconf 86' lang='lat' dir='ltr'><strong>Cenoma·</strong></span> 
     </span>
     <span class='ocr_line' id='line_1_14' title="bbox 53 1385 987 1468; baseline 0.009 -24"><span class='ocrx_word' id='word_1_105' title='bbox 53 1385 91 1458; x_wconf 86' lang='lat' dir='ltr'><strong>nis,</strong></span> <span class='ocrx_word' id='word_1_106' title='bbox 102 1385 124 1446; x_wconf 89' lang='lat' dir='ltr'><strong>in</strong></span> <span class='ocrx_word' id='word_1_107' title='bbox 135 1405 201 1464; x_wconf 85' lang='lat' dir='ltr'><strong>pace</strong></span> <span class='ocrx_word' id='word_1_108' title='bbox 216 1391 355 1468; x_wconf 81' lang='lat' dir='ltr'><strong>speciem</strong></span> <span class='ocrx_word' id='word_1_109' title='bbox 369 1391 443 1452; x_wconf 92' lang='lat' dir='ltr'><strong>belli</strong></span> <span class='ocrx_word' id='word_1_110' title='bbox 456 1407 618 1468; x_wconf 86' lang='lat' dir='ltr'><strong>quaerens,</strong></span> <span class='ocrx_word' id='word_1_111' title='bbox 633 1393 790 1456; x_wconf 86' lang='lat' dir='ltr'><strong>ademerat</strong></span> <span class='ocrx_word' id='word_1_112' title='bbox 800 1410 892 1455; x_wconf 73' lang='lat' dir='ltr'><strong>uma.</strong></span> <span class='ocrx_word' id='word_1_113' title='bbox 915 1393 987 1454; x_wconf 92' lang='lat' dir='ltr'><strong>inde</strong></span> 
     </span>
     <span class='ocr_line' id='line_1_15' title="bbox 54 1467 987 1554; baseline 0.01 -27"><span class='ocrx_word' id='word_1_114' title='bbox 54 1467 174 1533; x_wconf 75' lang='lat' dir='ltr'><strong>cenomani</strong></span> <span class='ocrx_word' id='word_1_115' title='bbox 188 1475 351 1552; x_wconf 86' lang='lat' dir='ltr'><strong>conquesti</strong></span> <span class='ocrx_word' id='word_1_116' title='bbox 365 1475 482 1536; x_wconf 82' lang='lat' dir='ltr'><strong>Rornae</strong></span> <span class='ocrx_word' id='word_1_117' title='bbox 496 1476 580 1550; x_wconf 86' lang='lat' dir='ltr'><strong>apud</strong></span> <span class='ocrx_word' id='word_1_118' title='bbox 595 1485 750 1552; x_wconf 84' lang='lat' dir='ltr'><strong>senatum,</strong></span> <span class='ocrx_word' id='word_1_119' title='bbox 765 1477 934 1554; x_wconf 86' lang='lat' dir='ltr'><strong>reiectique</strong></span> <span class='ocrx_word' id='word_1_120' title='bbox 947 1475 987 1536; x_wconf 88' lang='lat' dir='ltr'><strong>ad</strong></span> 
     </span>
     <span class='ocr_line' id='line_1_16' title="bbox 54 1555 986 1636; baseline 0.009 -25"><span class='ocrx_word' id='word_1_121' title='bbox 54 1555 169 1616; x_wconf 75' lang='lat' dir='ltr'><strong>consuent</strong></span> <span class='ocrx_word' id='word_1_122' title='bbox 181 1558 364 1630; x_wconf 73' lang='lat' dir='ltr'><strong>Aemilium,</strong></span> <span class='ocrx_word' id='word_1_123' title='bbox 380 1559 429 1628; x_wconf 77' lang='lat' dir='ltr'><strong>‚cui</strong></span> <span class='ocrx_word' id='word_1_124' title='bbox 449 1565 483 1619; x_wconf 91' lang='lat' dir='ltr'><strong>ut</strong></span> <span class='ocrx_word' id='word_1_125' title='bbox 498 1568 700 1634; x_wconf 73' lang='lat' dir='ltr'><strong>cog-nosceret</strong></span> <span class='ocrx_word' id='word_1_126' title='bbox 714 1569 924 1636; x_wconf 87' lang='lat' dir='ltr'><strong>statueretque</strong></span> <span class='ocrx_word' id='word_1_127' title='bbox 939 1573 986 1620; x_wconf 91' lang='lat' dir='ltr'><strong>se·</strong></span> 
     </span>
     <span class='ocr_line' id='line_1_17' title="bbox 54 1641 987 1719; baseline 0.011 -27"><span class='ocrx_word' id='word_1_128' title='bbox 54 1641 113 1696; x_wconf 86' lang='lat' dir='ltr'><strong>natrs</strong></span> <span class='ocrx_word' id='word_1_129' title='bbox 129 1642 314 1716; x_wconf 77' lang='lat' dir='ltr'><strong>permiserat,</strong></span> <span class='ocrx_word' id='word_1_130' title='bbox 335 1657 446 1716; x_wconf 79' lang='lat' dir='ltr'><strong>magno</strong></span> <span class='ocrx_word' id='word_1_131' title='bbox 462 1643 628 1703; x_wconf 83' lang='lat' dir='ltr'><strong>certamine</strong></span> <span class='ocrx_word' id='word_1_132' title='bbox 643 1657 711 1705; x_wconf 85' lang='lat' dir='ltr'><strong>cunr</strong></span> <span class='ocrx_word' id='word_1_133' title='bbox 728 1651 869 1719; x_wconf 89' lang='lat' dir='ltr'><strong>praetore</strong></span> <span class='ocrx_word' id='word_1_134' title='bbox 883 1641 987 1703; x_wconf 86' lang='lat' dir='ltr'><strong>habito</strong></span> 
     </span>
     <span class='ocr_line' id='line_1_18' title="bbox 53 1723 988 1800; baseline 0.011 -24"><span class='ocrx_word' id='word_1_135' title='bbox 53 1723 171 1784; x_wconf 79' lang='lat' dir='ltr'><strong>enuemnt</strong></span> <span class='ocrx_word' id='word_1_136' title='bbox 188 1739 324 1786; x_wconf 89' lang='lat' dir='ltr'><strong>causam.</strong></span> <span class='ocrx_word' id='word_1_137' title='bbox 357 1740 440 1786; x_wconf 87' lang='lat' dir='ltr'><strong>arma</strong></span> <span class='ocrx_word' id='word_1_138' title='bbox 460 1726 591 1786; x_wconf 88' lang='lat' dir='ltr'><strong>reddere</strong></span> <span class='ocrx_word' id='word_1_139' title='bbox 612 1725 811 1800; x_wconf 83' lang='lat' dir='ltr'><strong>Cenomanis,</strong></span> <span class='ocrx_word' id='word_1_140' title='bbox 836 1726 988 1787; x_wconf 83' lang='lat' dir='ltr'><strong>decedere</strong></span> 
     </span>
     <span class='ocr_line' id='line_1_19' title="bbox 54 1803 435 1884; baseline 0.029 -25"><span class='ocrx_word' id='word_1_141' title='bbox 54 1803 171 1872; x_wconf 75' lang='lat' dir='ltr'><strong>provincia</strong></span> <span class='ocrx_word' id='word_1_142' title='bbox 182 1815 308 1884; x_wconf 88' lang='lat' dir='ltr'><strong>praetor</strong></span> <span class='ocrx_word' id='word_1_143' title='bbox 321 1808 435 1870; x_wconf 86' lang='lat' dir='ltr'><strong>iussus</strong></span> 
     </span>
    </p>

    <p class='ocr_par' dir='ltr' id='par_1_4' title="bbox 53 1886 992 2718">
     <span class='ocr_line' id='line_1_20' title="bbox 108 1886 988 1965; baseline 0.002 -19"><span class='ocrx_word' id='word_1_144' title='bbox 108 1886 214 1964; x_wconf 82' lang='lat' dir='ltr'><strong>legatis</strong></span> <span class='ocrx_word' id='word_1_145' title='bbox 228 1891 343 1952; x_wconf 90' lang='lat' dir='ltr'><strong>deinde</strong></span> <span class='ocrx_word' id='word_1_146' title='bbox 357 1891 511 1952; x_wconf 88' lang='lat' dir='ltr'><strong>sociorum</strong></span> <span class='ocrx_word' id='word_1_147' title='bbox 522 1893 619 1951; x_wconf 88' lang='lat' dir='ltr'><strong>Latini</strong></span> <span class='ocrx_word' id='word_1_148' title='bbox 635 1891 776 1962; x_wconf 86' lang='lat' dir='ltr'><strong>nominis,</strong></span> <span class='ocrx_word' id='word_1_149' title='bbox 793 1891 844 1965; x_wconf 89' lang='lat' dir='ltr'><strong>qui</strong></span> <span class='ocrx_word' id='word_1_150' title='bbox 859 1897 922 1951; x_wconf 92' lang='lat' dir='ltr'><strong>tolo</strong></span> <span class='ocrx_word' id='word_1_151' title='bbox 934 1907 988 1949; x_wconf 93' lang='lat' dir='ltr'><strong>un-</strong></span> 
     </span>
     <span class='ocr_line' id='line_1_21' title="bbox 54 1963 989 2050; baseline 0.002 -22"><span class='ocrx_word' id='word_1_152' title='bbox 54 1963 116 2042; x_wconf 84' lang='lat' dir='ltr'><strong>dique</strong></span> <span class='ocrx_word' id='word_1_153' title='bbox 126 1973 249 2036; x_wconf 88' lang='lat' dir='ltr'><strong>exLatio</strong></span> <span class='ocrx_word' id='word_1_154' title='bbox 265 1977 442 2050; x_wconf 85' lang='lat' dir='ltr'><strong>frequentes</strong></span> <span class='ocrx_word' id='word_1_155' title='bbox 455 1982 675 2048; x_wconf 89' lang='lat' dir='ltr'><strong>convenerant,</strong></span> <span class='ocrx_word' id='word_1_156' title='bbox 691 1982 817 2035; x_wconf 89' lang='lat' dir='ltr'><strong>senatus</strong></span> <span class='ocrx_word' id='word_1_157' title='bbox 832 1973 921 2034; x_wconf 88' lang='lat' dir='ltr'><strong>datus</strong></span> <span class='ocrx_word' id='word_1_158' title='bbox 933 1979 989 2033; x_wconf 90' lang='lat' dir='ltr'><strong>est.</strong></span> 
     </span>
     <span class='ocr_line' id='line_1_22' title="bbox 53 2044 988 2133; baseline 0.01 -24"><span class='ocrx_word' id='word_1_159' title='bbox 53 2044 83 2108; x_wconf 87' lang='lat' dir='ltr'><strong>his</strong></span> <span class='ocrx_word' id='word_1_160' title='bbox 94 2057 268 2128; x_wconf 86' lang='lat' dir='ltr'><strong>quarentibus</strong></span> <span class='ocrx_word' id='word_1_161' title='bbox 283 2074 424 2133; x_wconf 81' lang='lat' dir='ltr'><strong>magnam</strong></span> <span class='ocrx_word' id='word_1_162' title='bbox 435 2057 656 2120; x_wconf 74' lang='lat' dir='ltr'><strong>multitudinem</strong></span> <span class='ocrx_word' id='word_1_163' title='bbox 671 2057 781 2119; x_wconf 84' lang='lat' dir='ltr'><strong>civium</strong></span> <span class='ocrx_word' id='word_1_164' title='bbox 793 2071 920 2118; x_wconf 90' lang='lat' dir='ltr'><strong>suorum</strong></span> <span class='ocrx_word' id='word_1_165' title='bbox 928 2057 988 2118; x_wconf 81' lang='lat' dir='ltr'><strong>lto·</strong></span> 
     </span>
     <span class='ocr_line' id='line_1_23' title="bbox 53 2139 989 2230; baseline 0 -32"><span class='ocrx_word' id='word_1_166' title='bbox 53 2145 106 2195; x_wconf 75' lang='lat' dir='ltr'><strong>man</strong></span> <span class='ocrx_word' id='word_1_167' title='bbox 118 2141 327 2218; x_wconf 62' lang='lat' dir='ltr'><strong>memmasce</strong></span> <span class='ocrx_word' id='word_1_168' title='bbox 341 2141 426 2204; x_wconf 83' lang='lat' dir='ltr'><strong>etibi</strong></span> <span class='ocrx_word' id='word_1_169' title='bbox 441 2158 553 2230; x_wconf 70' lang='lat' dir='ltr'><strong>censos</strong></span> <span class='ocrx_word' id='word_1_170' title='bbox 564 2158 643 2217; x_wconf 86' lang='lat' dir='ltr'><strong>esse,</strong></span> <span class='ocrx_word' id='word_1_171' title='bbox 657 2141 690 2217; x_wconf 82' lang='lat' dir='ltr'><strong>Q.</strong></span> <span class='ocrx_word' id='word_1_172' title='bbox 702 2141 842 2208; x_wconf 77' lang='lat' dir='ltr'><strong>Terentio</strong></span> <span class='ocrx_word' id='word_1_173' title='bbox 855 2139 989 2202; x_wconf 82' lang='lat' dir='ltr'><strong>Culleoni</strong></span> 
     </span>
     <span class='ocr_line' id='line_1_24' title="bbox 53 2222 989 2302; baseline -0.003 -17"><span class='ocrx_word' id='word_1_174' title='bbox 53 2222 150 2285; x_wconf 63' lang='lat' dir='ltr'><strong>prasus·</strong></span> <span class='ocrx_word' id='word_1_175' title='bbox 162 2227 315 2300; x_wconf 81' lang='lat' dir='ltr'><strong>negotium</strong></span> <span class='ocrx_word' id='word_1_176' title='bbox 330 2225 433 2286; x_wconf 89' lang='lat' dir='ltr'><strong>datum</strong></span> <span class='ocrx_word' id='word_1_177' title='bbox 448 2233 504 2301; x_wconf 86' lang='lat' dir='ltr'><strong>est,</strong></span> <span class='ocrx_word' id='word_1_178' title='bbox 519 2232 552 2286; x_wconf 93' lang='lat' dir='ltr'><strong>ut</strong></span> <span class='ocrx_word' id='word_1_179' title='bbox 566 2242 622 2286; x_wconf 89' lang='lat' dir='ltr'><strong>eos</strong></span> <span class='ocrx_word' id='word_1_180' title='bbox 638 2223 840 2302; x_wconf 76' lang='lat' dir='ltr'><strong>conquireret,</strong></span> <span class='ocrx_word' id='word_1_181' title='bbox 858 2231 889 2286; x_wconf 92' lang='lat' dir='ltr'><strong>et</strong></span> <span class='ocrx_word' id='word_1_182' title='bbox 900 2241 989 2301; x_wconf 90' lang='lat' dir='ltr'><strong>quem</strong></span> 
     </span>
     <span class='ocr_line' id='line_1_25' title="bbox 54 2295 989 2385; baseline 0.011 -30"><span class='ocrx_word' id='word_1_183' title='bbox 54 2295 181 2368; x_wconf 77' lang='lat' dir='ltr'><strong>aclaudio</strong></span> <span class='ocrx_word' id='word_1_184' title='bbox 191 2309 328 2370; x_wconf 84' lang='lat' dir='ltr'><strong>ldLivio</strong></span> <span class='ocrx_word' id='word_1_185' title='bbox 343 2309 525 2375; x_wconf 89' lang='lat' dir='ltr'><strong>censoribus</strong></span> <span class='ocrx_word' id='word_1_186' title='bbox 539 2318 650 2385; x_wconf 87' lang='lat' dir='ltr'><strong>postvc</strong></span> <span class='ocrx_word' id='word_1_187' title='bbox 661 2326 716 2370; x_wconf 91' lang='lat' dir='ltr'><strong>eos</strong></span> <span class='ocrx_word' id='word_1_188' title='bbox 729 2323 876 2370; x_wconf 73' lang='lat' dir='ltr'><strong>censores</strong></span> <span class='ocrx_word' id='word_1_189' title='bbox 887 2309 989 2384; x_wconf 91' lang='lat' dir='ltr'><strong>ipsum</strong></span> 
     </span>
     <span class='ocr_line' id='line_1_26' title="bbox 54 2388 990 2469; baseline -0.004 -17"><span class='ocrx_word' id='word_1_190' title='bbox 54 2394 207 2453; x_wconf 72' lang='lat' dir='ltr'><strong>laenanvo</strong></span> <span class='ocrx_word' id='word_1_191' title='bbox 228 2394 298 2454; x_wconf 90' lang='lat' dir='ltr'><strong>cius</strong></span> <span class='ocrx_word' id='word_1_192' title='bbox 319 2393 403 2468; x_wconf 85' lang='lat' dir='ltr'><strong>apud</strong></span> <span class='ocrx_word' id='word_1_193' title='bbox 420 2407 455 2452; x_wconf 88' lang='lat' dir='ltr'><strong>se</strong></span> <span class='ocrx_word' id='word_1_194' title='bbox 476 2408 602 2454; x_wconf 88' lang='lat' dir='ltr'><strong>censam</strong></span> <span class='ocrx_word' id='word_1_195' title='bbox 616 2409 689 2454; x_wconf 89' lang='lat' dir='ltr'><strong>esse</strong></span> <span class='ocrx_word' id='word_1_196' title='bbox 704 2393 889 2469; x_wconf 71' lang='lat' dir='ltr'><strong>probassent</strong></span> <span class='ocrx_word' id='word_1_197' title='bbox 904 2388 990 2464; x_wconf 90' lang='lat' dir='ltr'><strong>socii,</strong></span> 
     </span>
     <span class='ocr_line' id='line_1_27' title="bbox 53 2469 992 2550; baseline 0.009 -26"><span class='ocrx_word' id='word_1_198' title='bbox 53 2469 162 2533; x_wconf 87' lang='lat' dir='ltr'><strong>ntredire</strong></span> <span class='ocrx_word' id='word_1_199' title='bbox 177 2491 214 2536; x_wconf 88' lang='lat' dir='ltr'><strong>eo</strong></span> <span class='ocrx_word' id='word_1_200' title='bbox 234 2481 361 2550; x_wconf 82' lang='lat' dir='ltr'><strong>cogeret</strong></span> <span class='ocrx_word' id='word_1_201' title='bbox 374 2475 425 2536; x_wconf 91' lang='lat' dir='ltr'><strong>ubi</strong></span> <span class='ocrx_word' id='word_1_202' title='bbox 444 2476 531 2536; x_wconf 88' lang='lat' dir='ltr'><strong>censi</strong></span> <span class='ocrx_word' id='word_1_203' title='bbox 544 2484 657 2538; x_wconf 89' lang='lat' dir='ltr'><strong>essent.</strong></span> <span class='ocrx_word' id='word_1_204' title='bbox 691 2477 749 2536; x_wconf 88' lang='lat' dir='ltr'><strong>hac</strong></span> <span class='ocrx_word' id='word_1_205' title='bbox 765 2473 992 2550; x_wconf 84' lang='lat' dir='ltr'><strong>conquisitione</strong></span> 
     </span>
     <span class='ocr_line' id='line_1_28' title="bbox 54 2545 991 2640; baseline 0.006 -33"><span class='ocrx_word' id='word_1_206' title='bbox 54 2545 176 2640; x_wconf 83' lang='lat' dir='ltr'><strong>duodecim</strong></span> <span class='ocrx_word' id='word_1_207' title='bbox 189 2557 272 2619; x_wconf 89' lang='lat' dir='ltr'><strong>milia</strong></span> <span class='ocrx_word' id='word_1_208' title='bbox 283 2558 457 2620; x_wconf 69' lang='lat' dir='ltr'><strong>bannorum</strong></span> <span class='ocrx_word' id='word_1_209' title='bbox 468 2560 578 2621; x_wconf 88' lang='lat' dir='ltr'><strong>domos</strong></span> <span class='ocrx_word' id='word_1_210' title='bbox 590 2561 756 2633; x_wconf 87' lang='lat' dir='ltr'><strong>redierunt,</strong></span> <span class='ocrx_word' id='word_1_211' title='bbox 772 2561 832 2619; x_wconf 91' lang='lat' dir='ltr'><strong>iam</strong></span> <span class='ocrx_word' id='word_1_212' title='bbox 843 2564 906 2618; x_wconf 91' lang='lat' dir='ltr'><strong>tum</strong></span> <span class='ocrx_word' id='word_1_213' title='bbox 916 2557 991 2615; x_wconf 90' lang='lat' dir='ltr'><strong>mul-</strong></span> 
     </span>
     <span class='ocr_line' id='line_1_29' title="bbox 53 2633 682 2718; baseline 0.016 -28"><span class='ocrx_word' id='word_1_214' title='bbox 53 2633 143 2698; x_wconf 79' lang='lat' dir='ltr'><strong>cludro</strong></span> <span class='ocrx_word' id='word_1_215' title='bbox 156 2642 389 2718; x_wconf 78' lang='lat' dir='ltr'><strong>alienigenarum</strong></span> <span class='ocrx_word' id='word_1_216' title='bbox 404 2642 511 2703; x_wconf 90' lang='lat' dir='ltr'><strong>urbem</strong></span> <span class='ocrx_word' id='word_1_217' title='bbox 525 2649 682 2704; x_wconf 82' lang='lat' dir='ltr'><strong>onerante.</strong></span> 
     </span>
    </p>

    <p class='ocr_par' dir='ltr' id='par_1_5' title="bbox 54 2720 995 3469">
     <span class='ocr_line' id='line_1_30' title="bbox 109 2720 993 2802; baseline 0.002 -22"><span class='ocrx_word' id='word_1_218' title='bbox 109 2720 355 2802; x_wconf 48' lang='lat' dir='ltr'><strong>lvallriusqaam</strong></span> <span class='ocrx_word' id='word_1_219' title='bbox 365 2726 510 2786; x_wconf 87' lang='lat' dir='ltr'><strong>consules</strong></span> <span class='ocrx_word' id='word_1_220' title='bbox 520 2725 656 2786; x_wconf 83' lang='lat' dir='ltr'><strong>redirent</strong></span> <span class='ocrx_word' id='word_1_221' title='bbox 666 2727 803 2799; x_wconf 88' lang='lat' dir='ltr'><strong>Romam,</strong></span> <span class='ocrx_word' id='word_1_222' title='bbox 815 2723 854 2783; x_wconf 88' lang='lat' dir='ltr'><strong>M.</strong></span> <span class='ocrx_word' id='word_1_223' title='bbox 867 2721 993 2783; x_wconf 79' lang='lat' dir='ltr'><strong>Fuluius</strong></span> 
     </span>
     <span class='ocr_line' id='line_1_31' title="bbox 54 2804 992 2884; baseline -0.001 -18"><span class='ocrx_word' id='word_1_224' title='bbox 54 2810 182 2868; x_wconf 74' lang='lat' dir='ltr'><strong>lroeonsul</strong></span> <span class='ocrx_word' id='word_1_225' title='bbox 202 2825 243 2870; x_wconf 81' lang='lat' dir='ltr'><strong>en</strong></span> <span class='ocrx_word' id='word_1_226' title='bbox 255 2809 376 2869; x_wconf 85' lang='lat' dir='ltr'><strong>Aetolia</strong></span> <span class='ocrx_word' id='word_1_227' title='bbox 392 2808 487 2880; x_wconf 81' lang='lat' dir='ltr'><strong>redit;</strong></span> <span class='ocrx_word' id='word_1_228' title='bbox 509 2805 599 2884; x_wconf 88' lang='lat' dir='ltr'><strong>isque</strong></span> <span class='ocrx_word' id='word_1_229' title='bbox 617 2808 656 2868; x_wconf 88' lang='lat' dir='ltr'><strong>ad</strong></span> <span class='ocrx_word' id='word_1_230' title='bbox 673 2807 780 2869; x_wconf 93' lang='lat' dir='ltr'><strong>aedem</strong></span> <span class='ocrx_word' id='word_1_231' title='bbox 795 2807 948 2883; x_wconf 88' lang='lat' dir='ltr'><strong>Apollinis</strong></span> <span class='ocrx_word' id='word_1_232' title='bbox 963 2804 992 2866; x_wconf 87' lang='lat' dir='ltr'><strong>in</strong></span> 
     </span>
     <span class='ocr_line' id='line_1_32' title="bbox 54 2891 992 2968; baseline 0.017 -33"><span class='ocrx_word' id='word_1_233' title='bbox 54 2891 130 2948; x_wconf 79' lang='lat' dir='ltr'><strong>senaar</strong></span> <span class='ocrx_word' id='word_1_234' title='bbox 143 2905 204 2952; x_wconf 89' lang='lat' dir='ltr'><strong>cum</strong></span> <span class='ocrx_word' id='word_1_235' title='bbox 220 2893 261 2954; x_wconf 89' lang='lat' dir='ltr'><strong>de</strong></span> <span class='ocrx_word' id='word_1_236' title='bbox 277 2891 370 2953; x_wconf 88' lang='lat' dir='ltr'><strong>rebus</strong></span> <span class='ocrx_word' id='word_1_237' title='bbox 384 2892 415 2952; x_wconf 86' lang='lat' dir='ltr'><strong>in</strong></span> <span class='ocrx_word' id='word_1_238' title='bbox 430 2894 553 2954; x_wconf 87' lang='lat' dir='ltr'><strong>Aetolia</strong></span> <span class='ocrx_word' id='word_1_239' title='bbox 566 2891 824 2968; x_wconf 84' lang='lat' dir='ltr'><strong>Cephalleniaque</strong></span> <span class='ocrx_word' id='word_1_240' title='bbox 839 2893 877 2952; x_wconf 89' lang='lat' dir='ltr'><strong>ab</strong></span> <span class='ocrx_word' id='word_1_241' title='bbox 892 2905 927 2952; x_wconf 92' lang='lat' dir='ltr'><strong>se</strong></span> <span class='ocrx_word' id='word_1_242' title='bbox 941 2905 992 2966; x_wconf 83' lang='lat' dir='ltr'><strong>ge·</strong></span> 
     </span>
     <span class='ocr_line' id='line_1_33' title="bbox 54 2963 994 3052; baseline 0 -19"><span class='ocrx_word' id='word_1_243' title='bbox 54 2963 90 3025; x_wconf 69' lang='lat' dir='ltr'><strong>ilis</strong></span> <span class='ocrx_word' id='word_1_244' title='bbox 105 2970 303 3051; x_wconf 89' lang='lat' dir='ltr'><strong>disseruisset,</strong></span> <span class='ocrx_word' id='word_1_245' title='bbox 325 2975 401 3051; x_wconf 87' lang='lat' dir='ltr'><strong>petit</strong></span> <span class='ocrx_word' id='word_1_246' title='bbox 414 2992 433 3036; x_wconf 89' lang='lat' dir='ltr'><strong>a</strong></span> <span class='ocrx_word' id='word_1_247' title='bbox 446 2977 601 3052; x_wconf 88' lang='lat' dir='ltr'><strong>patribus,</strong></span> <span class='ocrx_word' id='word_1_248' title='bbox 623 2983 656 3036; x_wconf 95' lang='lat' dir='ltr'><strong>ut</strong></span> <span class='ocrx_word' id='word_1_249' title='bbox 670 2991 802 3051; x_wconf 77' lang='lat' dir='ltr'><strong>aequum</strong></span> <span class='ocrx_word' id='word_1_250' title='bbox 825 2980 994 3050; x_wconf 82' lang='lat' dir='ltr'><strong>censerent,</strong></span> 
     </span>
     <span class='ocr_line' id='line_1_34' title="bbox 55 3045 985 3138; baseline 0.001 -22"><span class='ocrx_word' id='word_1_251' title='bbox 55 3045 81 3105; x_wconf 64' lang='lat'><strong>⁰¹)</strong></span> <span class='ocrx_word' id='word_1_252' title='bbox 94 3067 147 3138; x_wconf 69' lang='lat' dir='ltr'><strong>rem</strong></span> <span class='ocrx_word' id='word_1_253' title='bbox 163 3060 313 3133; x_wconf 85' lang='lat' dir='ltr'><strong>publicam</strong></span> <span class='ocrx_word' id='word_1_254' title='bbox 334 3061 413 3120; x_wconf 88' lang='lat' dir='ltr'><strong>bene</strong></span> <span class='ocrx_word' id='word_1_255' title='bbox 428 3075 465 3120; x_wconf 89' lang='lat' dir='ltr'><strong>ac</strong></span> <span class='ocrx_word' id='word_1_256' title='bbox 479 3058 608 3121; x_wconf 75' lang='lat' dir='ltr'><strong>feliciter</strong></span> <span class='ocrx_word' id='word_1_257' title='bbox 621 3066 740 3136; x_wconf 80' lang='lat' dir='ltr'><strong>gestam</strong></span> <span class='ocrx_word' id='word_1_258' title='bbox 757 3066 786 3120; x_wconf 93' lang='lat' dir='ltr'><strong>et</strong></span> <span class='ocrx_word' id='word_1_259' title='bbox 800 3059 858 3119; x_wconf 89' lang='lat' dir='ltr'><strong>diis</strong></span> <span class='ocrx_word' id='word_1_260' title='bbox 873 3059 985 3118; x_wconf 91' lang='lat' dir='ltr'><strong>immor·</strong></span> 
     </span>
     <span class='ocr_line' id='line_1_35' title="bbox 54 3130 991 3218; baseline 0.013 -30"><span class='ocrx_word' id='word_1_261' title='bbox 54 3130 135 3198; x_wconf 83' lang='lat' dir='ltr'><strong>talibus</strong></span> <span class='ocrx_word' id='word_1_262' title='bbox 144 3139 286 3204; x_wconf 88' lang='lat' dir='ltr'><strong>bonorem</strong></span> <span class='ocrx_word' id='word_1_263' title='bbox 300 3143 407 3204; x_wconf 88' lang='lat' dir='ltr'><strong>haberi</strong></span> <span class='ocrx_word' id='word_1_264' title='bbox 421 3143 561 3204; x_wconf 84' lang='lat' dir='ltr'><strong>iuberent</strong></span> <span class='ocrx_word' id='word_1_265' title='bbox 574 3150 606 3204; x_wconf 88' lang='lat' dir='ltr'><strong>et</strong></span> <span class='ocrx_word' id='word_1_266' title='bbox 619 3144 678 3204; x_wconf 88' lang='lat' dir='ltr'><strong>sibi</strong></span> <span class='ocrx_word' id='word_1_267' title='bbox 692 3143 875 3218; x_wconf 88' lang='lat' dir='ltr'><strong>triumphum</strong></span> <span class='ocrx_word' id='word_1_268' title='bbox 889 3142 991 3204; x_wconf 80' lang='lat' dir='ltr'><strong>decer·</strong></span> 
     </span>
     <span class='ocr_line' id='line_1_36' title="bbox 56 3224 995 3302; baseline 0.015 -32"><span class='ocrx_word' id='word_1_269' title='bbox 56 3225 139 3280; x_wconf 87' lang='lat' dir='ltr'><strong>nerent</strong></span> <span class='ocrx_word' id='word_1_270' title='bbox 156 3224 193 3286; x_wconf 87' lang='grc' dir='ltr'><strong>Μ.</strong></span> <span class='ocrx_word' id='word_1_271' title='bbox 207 3226 343 3288; x_wconf 86' lang='lat' dir='ltr'><strong>Aburius</strong></span> <span class='ocrx_word' id='word_1_272' title='bbox 358 3226 499 3288; x_wconf 88' lang='lat' dir='ltr'><strong>tribunus</strong></span> <span class='ocrx_word' id='word_1_273' title='bbox 514 3228 622 3302; x_wconf 87' lang='lat' dir='ltr'><strong>plebis,</strong></span> <span class='ocrx_word' id='word_1_274' title='bbox 640 3228 667 3287; x_wconf 89' lang='lat' dir='ltr'><strong>si</strong></span> <span class='ocrx_word' id='word_1_275' title='bbox 683 3227 757 3302; x_wconf 88' lang='lat' dir='ltr'><strong>quid</strong></span> <span class='ocrx_word' id='word_1_276' title='bbox 772 3227 811 3286; x_wconf 89' lang='lat' dir='ltr'><strong>de</strong></span> <span class='ocrx_word' id='word_1_277' title='bbox 826 3242 863 3287; x_wconf 89' lang='lat' dir='ltr'><strong>ea</strong></span> <span class='ocrx_word' id='word_1_278' title='bbox 877 3242 911 3286; x_wconf 87' lang='lat' dir='ltr'><strong>re</strong></span> <span class='ocrx_word' id='word_1_279' title='bbox 927 3233 995 3287; x_wconf 85' lang='lat' dir='ltr'><strong>ante</strong></span> 
     </span>
     <span class='ocr_line' id='line_1_37' title="bbox 56 3289 993 3383; baseline 0.003 -20"><span class='ocrx_word' id='word_1_280' title='bbox 56 3289 193 3369; x_wconf 73' lang='lat' dir='ltr'><strong>blandii</strong></span> <span class='ocrx_word' id='word_1_281' title='bbox 214 3309 349 3371; x_wconf 88' lang='lat' dir='ltr'><strong>consulis</strong></span> <span class='ocrx_word' id='word_1_282' title='bbox 372 3311 536 3372; x_wconf 88' lang='lat' dir='ltr'><strong>adventurn</strong></span> <span class='ocrx_word' id='word_1_283' title='bbox 559 3311 789 3383; x_wconf 89' lang='lat' dir='ltr'><strong>decerneretur,</strong></span> <span class='ocrx_word' id='word_1_284' title='bbox 811 3311 993 3370; x_wconf 87' lang='lat' dir='ltr'><strong>intercessu-</strong></span> 
     </span>
     <span class='ocr_line' id='line_1_38' title="bbox 57 3390 992 3469; baseline 0.002 -23"><span class='ocrx_word' id='word_1_285' title='bbox 57 3390 101 3442; x_wconf 59' lang='grc' dir='ltr'><strong>ιιι</strong></span> <span class='ocrx_word' id='word_1_286' title='bbox 112 3401 141 3448; x_wconf 89' lang='lat' dir='ltr'><strong>se</strong></span> <span class='ocrx_word' id='word_1_287' title='bbox 154 3393 293 3455; x_wconf 76' lang='lat' dir='ltr'><strong>ostendit:</strong></span> <span class='ocrx_word' id='word_1_288' title='bbox 317 3409 387 3455; x_wconf 88' lang='lat' dir='ltr'><strong>eum</strong></span> <span class='ocrx_word' id='word_1_289' title='bbox 402 3393 612 3455; x_wconf 88' lang='lat' dir='ltr'><strong>contradicere</strong></span> <span class='ocrx_word' id='word_1_290' title='bbox 628 3395 719 3466; x_wconf 89' lang='lat' dir='ltr'><strong>velle,</strong></span> <span class='ocrx_word' id='word_1_291' title='bbox 737 3394 992 3469; x_wconf 84' lang='lat' dir='ltr'><strong>proticiscentem-</strong></span> 
     </span>
    </p>
   </div>
   <div class='ocr_carea' id='block_1_3' title="bbox 59 3469 987 3614">
    <p class='ocr_par' dir='ltr' id='par_1_6' title="bbox 59 3469 987 3614">
     <span class='ocr_line' id='line_1_39' title="bbox 59 3469 987 3590; baseline -0.006 -58"><span class='ocrx_word' id='word_1_292' title='bbox 59 3475 99 3532; x_wconf 75' lang='lat' dir='ltr'><strong>ilt</strong></span> <span class='ocrx_word' id='word_1_293' title='bbox 109 3469 133 3528; x_wconf 88' lang='lat' dir='ltr'><strong>in</strong></span> <span class='ocrx_word' id='word_1_294' title='bbox 147 3476 326 3548; x_wconf 87' lang='lat' dir='ltr'><strong>provinciam</strong></span> <span class='ocrx_word' id='word_1_295' title='bbox 342 3475 384 3538; x_wconf 89' lang='lat' dir='ltr'><strong>ita</strong></span> <span class='ocrx_word' id='word_1_296' title='bbox 398 3476 457 3539; x_wconf 87' lang='lat' dir='ltr'><strong>sibi</strong></span> <span class='ocrx_word' id='word_1_297' title='bbox 471 3478 645 3554; x_wconf 87' lang='lat' dir='ltr'><strong>mandasse,</strong></span> <span class='ocrx_word' id='word_1_298' title='bbox 661 3485 694 3537; x_wconf 93' lang='lat' dir='ltr'><strong>ut</strong></span> <span class='ocrx_word' id='word_1_299' title='bbox 708 3491 745 3536; x_wconf 90' lang='lat' dir='ltr'><strong>ea</strong></span> <span class='ocrx_word' id='word_1_300' title='bbox 757 3472 936 3590; x_wconf 62' lang='lat' dir='ltr'><strong>disceptatio</strong></span> <span class='ocrx_word' id='word_1_301' title='bbox 951 3471 987 3527; x_wconf 90' lang='lat' dir='ltr'><strong>ln·</strong></span> 
     </span>
     <span class='ocr_line' id='line_1_40' title="bbox 753 3566 768 3614; baseline 0 0"><span class='ocrx_word' id='word_1_302' title='bbox 753 3566 768 3614; x_wconf 92' lang='lat'>1</span> 
     </span>
    </p>
   </div>
   <div class='ocr_carea' id='block_1_4' title="bbox 0 0 1219 3872">
    <p class='ocr_par' dir='ltr' id='par_1_7' title="bbox 0 0 1219 3872">
     <span class='ocr_line' id='line_1_41' title="bbox 0 0 1219 3872; baseline 0 0"><span class='ocrx_word' id='word_1_303' title='bbox 0 0 1219 3872; x_wconf 95' lang='lat' dir='ltr'><strong> </strong></span> 
     </span>
    </p>
   </div>
  </div>
 </body>
</html>
