2424 3872
199 204 309 266 ιιΒΕΒ
322 205 452 266 xxxix.
476 202 557 263 cnr.
572 211 672 266 eam.
695 211 732 278 [ι.
746 215 777 265 c.
793 215 854 280 res]
973 208 1015 276 et

64 365 190 437 portasset
206 359 415 434 triumpharet,
437 357 497 418 nisi
511 359 713 435 perdomitam
728 368 929 437 pacatamque
944 379 1016 439 pro-

63 445 167 504 vinciam
179 443 353 504 tradidisset
362 443 547 503 successori.
570 443 689 504 medius
703 450 804 504 tameo
818 443 918 505 honos
931 445 1016 507 Man·

62 527 229 601 lumbicus,
250 534 285 586 ut
298 542 396 587 ovans
417 525 524 586 urbem
544 524 642 585 iniret.
671 527 739 587 tulit
759 542 891 589 coronas
906 544 1017 590 aureas

63 611 251 686 quinquaginta
265 609 358 685 duas,
380 609 445 671 auri
460 614 619 684 praeterea
633 609 739 686 pondo
760 617 882 671 centum
895 611 1017 687 triginta

61 694 119 766 duo,
136 693 245 767 argenti
267 693 404 754 sedecim
424 691 507 753 milia
527 699 680 768 trecenta,
705 701 735 755 et
755 694 962 770 pronuntiavit
986 696 1016 754 in

61 783 145 838 senatu
163 777 267 836 decem
288 777 371 837 milla
396 777 501 851 pondo
529 777 646 851 argenti
668 784 698 838 et
717 779 874 854 octoginta
893 778 960 840 auri
981 778 1015 852 Q.

59 859 159 930 labium
178 866 372 936 quaestorem
394 860 565 920 advehere=
584 859 616 919 id
632 877 756 938 quoque
771 876 806 922 se
820 861 850 921 in
865 862 1015 923 aerarium

58 942 207 1004 delatorum.

120 1026 240 1102 Magnus
261 1033 365 1088 motus
378 1025 508 1090 servilis
530 1043 568 1090 eo
590 1044 670 1088 anno
693 1029 723 1088 ln
737 1028 850 1105 Apulia
867 1029 931 1090 lnlt.
958 1029 1014 1088 To·

57 1116 150 1170 mutum
167 1110 357 1186 provinciam
370 1110 405 1169 L.
419 1108 594 1172 Postumius
617 1119 740 1187 praetor
758 1112 899 1172 habebat.
928 1111 955 1170 is
976 1112 1015 1171 de

59 1201 186 1265 pastorum
215 1193 443 1268 coniuratione,
473 1193 526 1269 qui
550 1195 618 1254 vias
642 1193 809 1256 latrociniis
836 1209 1015 1269 pascuaque

58 1276 152 1348 publica
170 1279 283 1339 intesta
303 1278 487 1350 habuerant,
510 1278 722 1353 quaestionem
744 1293 854 1338 severe
869 1278 1014 1338 exercuit.

59 1358 88 1418 ad
97 1368 200 1436 septem
214 1362 300 1422 milia
319 1361 477 1422 hominum
491 1361 721 1422 condemnavit:
743 1359 828 1422 multi
842 1361 915 1422 inde
928 1362 1015 1436 luge·

58 1450 120 1516 runt,
138 1445 172 1504 de
191 1445 305 1506 multis·
318 1453 473 1521 sumptum
495 1454 543 1506 est
562 1445 756 1522 supplicium.
793 1446 939 1506 consules
962 1443 1015 1505 diu

58 1528 138 1586 retenti
161 1529 198 1589 ad
218 1530 329 1590 urbem
355 1528 516 1589 dilectibus
540 1529 664 1590 tandem
690 1530 721 1589 ln
742 1529 918 1604 provincias
942 1544 1014 1603 pro·

59 1608 189 1672 lectlsunt.

118 1694 199 1755 XXX.
220 1696 342 1757 Eodem
356 1711 436 1757 anno
454 1695 485 1755 in
499 1695 650 1771 Hispania
664 1702 824 1771 praetores
840 1694 871 1754 C.
888 1694 1013 1770 Calpur·

59 1773 108 1835 nius
124 1787 150 1840 et
160 1779 192 1840 L.
209 1779 384 1854 Quinctius,
405 1795 475 1839 cum
495 1778 593 1855 primo
614 1795 688 1838 vere
702 1794 742 1837 ex
755 1778 891 1839 hibernis
907 1778 1014 1852 coplas

58 1857 155 1922 eductas
173 1864 203 1922 in
217 1862 365 1922 Baeturia
384 1861 573 1934 iunxissent,
595 1863 626 1923 in
643 1861 869 1936 Carpetaniam,
890 1859 942 1919 ubi
960 1859 1014 1919 ho-

59 1939 125 2003 stium
136 1955 233 2008 castra
248 1952 345 2018 crant,
362 1945 522 2022 progressi
534 1952 613 2020 sunt,
629 1944 781 2004 communi
797 1943 899 2002 animo
914 1942 1015 2002 consi·

58 2018 136 2100 ioque
152 2029 250 2106 parali
271 2045 337 2089 rem
356 2045 474 2105 gerere.
506 2029 590 2089 haud
609 2028 719 2105 procul
731 2027 853 2102 Dipone
867 2033 898 2086 et
909 2023 1014 2086 Toleto

57 2108 153 2172 ubibus
176 2115 255 2175 inter
280 2113 478 2189 pabulatores
503 2127 608 2189 pugna
632 2117 699 2173 orta
724 2117 784 2185 est,
811 2110 921 2186 quibus
943 2110 1015 2169 dmn

58 2192 178 2270 utumque
198 2197 380 2258 subvenitur
394 2213 413 2256 a
428 2197 552 2270 castris,
571 2195 716 2271 paulatim
737 2209 844 2256 omnes
860 2194 969 2269 coplae
984 2194 1015 2256 iu

57 2275 129 2336 aciem
147 2281 275 2342 eductae
295 2288 376 2341 sunt.
409 2281 440 2340 in
456 2296 494 2342 eo
514 2279 707 2340 tumultuario
723 2278 886 2340 certamine
902 2284 932 2337 et
946 2279 1015 2337 loca

60 2370 100 2417 sua
111 2368 135 2420 et
146 2377 240 2438 genus
264 2379 388 2439 pugnae
401 2379 459 2439 pro
473 2364 562 2423 hoste
576 2365 671 2423 luere.
706 2363 768 2424 duo
784 2362 938 2422 exercitus
953 2361 1014 2420 Ro-

58 2444 117 2502 nani
128 2445 182 2507 lusi
195 2455 289 2522 atque
304 2448 335 2505 in
347 2454 449 2507 castra
460 2447 610 2522 compulsi
621 2452 701 2507 sunt.
723 2462 786 2506 uon
796 2444 934 2506 institere
945 2458 1014 2518 per·

59 2525 128 2588 uulsis
142 2528 256 2592 hostes.
285 2535 446 2605 praetores
467 2530 609 2602 Romani,
630 2544 670 2589 ne
691 2535 817 2605 postero
842 2529 893 2588 die
914 2534 1016 2586 castra

60 2621 293 2686 uramarenan,
316 2613 437 2674 silentio
458 2613 617 2688 proximae
634 2614 734 2674 noctis
748 2612 840 2672 tacito
857 2610 946 2683 signo
962 2624 1015 2668 ex·

59 2693 156 2754 ercitum
168 2697 372 2758 abduxerunt.
393 2698 462 2758 luce
477 2694 575 2772 prima
588 2694 717 2769 Hispani
732 2693 799 2754 acle
811 2692 961 2752 instructa
975 2690 1015 2751 ad

60 2776 144 2839 vallum
166 2789 381 2857 accesserunt,
406 2796 568 2855 vacuaque
593 2784 714 2854 praeter
739 2792 827 2852 spem
850 2783 951 2836 castra
969 2776 1014 2835 in·

60 2862 141 2936 tressa
152 2865 383 2940 quaedereltcto
394 2865 472 2926 mter
483 2870 662 2925 nocturnam
674 2858 907 2938 trepidationem
919 2868 1014 2933 erant,

61 2938 227 3038 diripuerunt,
242 2948 441 3025 regressique
456 2947 486 3006 in
499 2963 557 3008 sua
571 2952 672 3006 castra
686 2961 803 3021 paucos
820 2945 887 3007 dies
903 2942 1014 3021 quietis

61 3026 149 3088 Salvis
166 3040 353 3094 manserunt
386 3033 595 3092 Romanorum
616 3030 833 3103 sociommque
850 3031 880 3088 in
896 3027 1013 3103 proelio

62 3103 165 3186 iugoque
176 3117 216 3177 ad
228 3115 364 3192 quinque
375 3113 456 3174 milio
469 3115 583 3186 occisa,
600 3130 729 3188 quorum
741 3129 776 3173 se
789 3110 897 3189 spoliis
908 3112 1015 3173 hostes

62 3201 193 3259 truannt
213 3199 286 3261 inde
300 3199 340 3260 ad
350 3198 466 3274 Tagum
480 3197 594 3258 flumen
609 3213 665 3272 pro
668 3197 738 3257 lecti
749 3205 830 3258 sunt.
854 3202 1014 3272 praetores

63 3267 153 3339 inierim
164 3283 291 3344 Romani
313 3299 405 3344 omne
425 3282 458 3341 id
476 3288 598 3356 tempus
620 3280 838 3342 contrahendis
858 3296 898 3341 ex
912 3279 1015 3339 civita-

63 3352 122 3419 tibus
135 3368 221 3428 sociis
234 3366 441 3443 Hispanorum
456 3364 577 3426 amtiliis
591 3364 829 3440 reficiendisque
844 3363 882 3422 ab
897 3369 1015 3422 terrore

64 3438 184 3510 adversae
198 3467 318 3526 pugnae
328 3449 404 3510 nnilit
392 3457 455 3511 tum
466 3447 574 3509 animis
586 3451 853 3523 consumpserunt
874 3442 928 3502 ubi
939 3441 1015 3500 satis
