2424 3872
207 241 458 303 urannxxrnx.
477 244 670 306 cursam.
694 246 728 322 [a.
744 248 850 324 caan
967 247 1009 310 sr

72 406 122 451 nem
137 389 360 468 renuntiassent,
385 409 492 468 regum
513 411 638 471 quoque
660 410 766 456 eorum
788 396 1017 474 civitatiumque

71 476 160 548 legatos
172 476 200 535 in
213 482 347 538 senatum
360 477 602 540 introduxerunt.
627 478 734 539 eadem
747 480 897 557 utrimque
909 483 1014 544 iterata

71 573 129 632 quae
146 558 215 620 Mota
233 561 315 634 apud
335 563 454 636 legatos
474 561 504 620 in
520 561 648 622 Graecia
669 569 764 623 erant.
799 565 889 625 aliam
903 564 1015 626 deinde

69 641 214 716 legationem
237 659 348 705 novam
368 653 488 719 patres,
516 646 603 707 cuins
624 647 769 723 princeps
789 649 849 723 Ap.
871 647 1017 708 Claudius

68 724 114 798 tuit,
126 725 150 784 in
162 725 363 788 Macedoniam
378 734 409 788 et
422 728 452 788 in
469 729 628 790 Graeciam
643 730 845 792 decreverunt
858 733 899 792 ad
912 732 1015 792 visen·

68 807 132 882 dnn,
147 809 314 871 redditaene
335 811 472 873 civitates
486 812 643 874 Thessalis
661 821 691 873 et
704 813 884 876 Perrhaebis
900 822 1014 876 essent

67 889 149 952 isdem
160 893 336 967 mandatum,
351 903 385 956 ut
399 895 438 954 ab
449 897 537 956 Aeno
554 905 584 957 et
592 896 739 958 Maronea
752 900 907 973 praesidia
918 899 1011 960 dedu-

67 983 186 1048 cerentur,
206 978 417 1054 maritimaque
437 981 536 1040 omnis
549 979 697 1041 Thraciae
720 998 774 1042 ora
795 981 968 1059 aPhilippo
984 990 1015 1043 et

65 1056 247 1122 Macedonibus
275 1061 463 1122 Mberaretur.
497 1063 744 1138 Peloponnesum
774 1081 899 1141 qnoque
928 1067 1014 1126 adire

65 1140 126 1217 inssi,
137 1145 210 1204 unde
220 1145 304 1221 prior
316 1144 427 1220 legatio
439 1146 627 1207 discesserat
639 1146 801 1209 incertiore
812 1156 892 1210 statu
902 1164 1013 1223 rerum,

66 1231 131 1297 quan
147 1229 170 1288 si
188 1245 246 1290 non
267 1229 440 1290 venissentr
464 1245 535 1289 nam
555 1244 650 1304 super
664 1238 766 1291 cetera
781 1231 871 1291 etiarn
886 1232 952 1291 sine
966 1247 1012 1290 re·

65 1322 152 1381 sponso
164 1311 285 1387 dimissi,
293 1327 351 1372 nee
364 1312 467 1372 datum
479 1312 653 1388 petentibus
665 1314 929 1376 erathchaeorum
941 1330 1011 1374 oon·

65 1390 145 1454 cMuoa
173 1394 346 1470 aequare
369 1404 516 1471 querente
541 1396 673 1476 graviter
695 1397 728 1471 Q.
751 1397 896 1472 Caecilio,
923 1397 1012 1460 simul

65 1471 276 1540 Lacedaemoniis
304 1478 535 1554 deplorantibus
561 1483 683 1542 moenia
707 1481 822 1556 diruta,
849 1480 1009 1546 abductam

65 1559 152 1631 plebem
165 1563 192 1621 in
205 1560 356 1625 Achaiam
372 1571 404 1623 et
417 1565 640 1636 venumdatum,
658 1565 827 1641 ademptas,
844 1563 957 1641 quibus
972 1565 1012 1625 ad

65 1656 110 1701 ean
121 1645 187 1706 diem
201 1647 310 1708 civitas
325 1647 470 1721 stetisset,
483 1648 616 1726 Lycurgi
633 1650 734 1724 leges,
749 1649 867 1709 Achaei
881 1649 1013 1708 maxime

65 1726 151 1788 concilii
169 1732 269 1806 negati
289 1729 403 1792 crimen
419 1732 609 1793 excusabant
622 1733 779 1792 recitando
796 1733 909 1806 legem,
932 1747 1012 1807 quaa

64 1809 104 1869 nisi
113 1810 171 1873 belli
186 1814 313 1890 pacisve
328 1829 431 1888 eausa,
447 1822 478 1874 et
493 1830 562 1875 oum
578 1815 669 1889 legati
684 1817 846 1876 absonam
858 1830 927 1874 cum
936 1815 1013 1875 litte-

63 1889 92 1951 ris
103 1902 141 1956 aut
152 1898 272 1974 scriptis
284 1897 435 1960 mandatis
447 1898 594 1971 venirent,
610 1905 727 1958 vetaret
737 1897 829 1956 indici
841 1896 1012 1957 concilium.

64 1987 127 2038 aare
143 1991 245 2056 postea
268 1983 427 2044 excusatio
450 1989 550 2055 esset,
572 1980 706 2041 ostendit
726 1987 851 2041 senatus
867 1994 959 2039 curae
974 1979 1012 2040 iis

63 2071 111 2120 esse
122 2064 231 2141 debere,
245 2074 282 2127 ut
291 2067 437 2128 Romanis
450 2065 558 2142 legatis
571 2081 694 2140 semper
705 2064 837 2125 adeundi
851 2063 1012 2125 concilium

61 2146 133 2213 sends
150 2158 283 2225 potestas
305 2151 406 2226 lieret,
429 2150 712 2227 quemadmodum
729 2157 759 2210 et
772 2147 846 2222 iMis,
869 2147 1011 2225 quotiens

61 2227 150 2306 velent,
164 2243 287 2297 senatus
303 2235 435 2297 daretur.

119 2313 239 2379 XXXIV.
264 2317 406 2380 Dimissis
427 2319 464 2379 iis
485 2317 704 2393 legationibus,
727 2316 887 2393 Philippus
908 2333 926 2376 a
946 2315 1011 2376 suis

61 2397 142 2459 certor
158 2403 254 2464 lactus
276 2403 448 2464 cedendum
469 2401 642 2463 civitatibus
663 2402 908 2477 deducendaque
924 2416 1012 2476 prae·

61 2475 116 2539 sidia
131 2498 209 2558 esse,
229 2488 372 2548 intensus
393 2487 535 2548 omnibus
557 2486 586 2544 in
601 2485 767 2558 Maronitas
782 2485 857 2545 iram
874 2483 1012 2544 effundit.

61 2555 199 2642 lnouasto,
216 2571 270 2644 qui
286 2575 427 2646 praeerat
440 2569 608 2630 maritimae
624 2584 704 2642 orae,
721 2569 853 2639 mandat,
868 2575 902 2626 ut
915 2564 1011 2641 partis

62 2643 176 2712 adversae
190 2654 347 2729 principes
361 2653 557 2713 interficeret.
579 2653 628 2711 ille
644 2665 700 2725 per
711 2649 900 2710 Casandrum
916 2663 1011 2723 quen*

62 2722 116 2805 dun,
127 2750 211 2796 unum
225 2752 267 2797 ex
279 2737 372 2811 regiis
386 2736 446 2797 iam
462 2737 514 2796 din
529 2734 714 2794 habitantem
729 2733 903 2806 Maroneae,
920 2737 1011 2794 nocte

61 2803 192 2880 Thracibus
209 2819 395 2882 intromissis
417 2821 501 2880 velut
522 2819 553 2878 in
574 2819 655 2878 bello
678 2821 767 2892 capta
789 2816 865 2876 urbe
886 2818 1010 2877 caedem

61 2889 116 2954 tecit.
140 2900 168 2960 id
181 2904 265 2978 apud
278 2905 435 2964 Romanos
455 2905 574 2978 legatos
594 2909 758 2977 querentes
772 2906 833 2960 tam
849 2901 1013 2962 crudeliter

61 2975 177 3046 aduersus
197 2986 339 3047 innoxios
353 2985 537 3060 Maronitas,
559 2992 618 3045 tam
642 2984 776 3060 superbe
790 2985 940 3044 adversus
957 3001 1009 3060 po-

62 3061 137 3128 rotun
148 3069 314 3131 Romanum
333 3071 463 3144 iactum,
483 3076 517 3129 ut
538 3067 649 3144 quibus
668 3069 835 3129 libertatern
849 3067 1011 3128 restituen-

63 3138 110 3204 ltm
123 3163 237 3217 senatus
253 3155 435 3227 censuisset,
450 3154 470 3211 ii
485 3169 541 3228 pro
557 3153 696 3214 hostibus
711 3150 943 3224 trucidarentur,
959 3152 1010 3211 ab·

62 3229 146 3293 ruebat
165 3238 327 3314 quicquam
351 3253 458 3298 eorum
483 3237 523 3296 ad
543 3252 578 3297 sa
605 3242 655 3296 aut
680 3233 865 3310 quemquam
887 3251 1012 3296 suorum

63 3314 198 3390 rrrrinere;
220 3322 371 3382 seditione
384 3321 464 3380 inter
477 3320 565 3394 ipsos
580 3319 763 3392 dimicatum,
781 3335 850 3379 cum
862 3318 911 3377 alii
926 3317 1013 3377 adse

64 3387 97 3451 alii
113 3401 144 3459 ad
163 3403 325 3466 Eumenem
346 3405 497 3464 civitatem
518 3404 688 3487 traherent3
717 3403 748 3462 id
770 3403 859 3462 facile
878 3399 1012 3460 ‘scituros

63 3485 126 3551 es⁸03
145 3496 408 3560 percunctarentur
419 3487 506 3562 ipsos
517 3486 700 3546 Maronitas=
714 3485 797 3544 hand
809 3481 930 3553 dubius,
943 3496 1013 3553 per-
