2424 3872
159 206 259 268 llllllt
269 206 398 268 XXXIX.
421 206 503 267 cll).
515 216 560 270 40.
572 215 616 269 41.
628 215 672 270 tr.
693 215 729 282 [a.
742 213 775 266 C.
787 213 849 281 let]
946 207 989 270 39

54 356 115 420 loris
130 355 241 432 periculi
258 357 348 416 ferrei
367 373 467 432 prope
487 359 627 434 corporis
648 359 816 433 animique,
839 375 929 435 quem
950 375 989 420 ne

56 449 161 502 enudus
175 441 307 516 quidem,
323 457 401 516 quac
415 442 507 503 solvit
521 442 637 516 omnia,
653 442 786 516 fregerit,
802 444 853 518 qui
869 451 990 504 sextum

55 531 75 582 et
86 523 276 599 octogesimum
296 540 409 584 aunum
430 541 526 600 agens
541 541 669 586 causam
690 525 817 598 dixerit,
843 524 913 601 ipse
933 543 989 602 pro

54 608 195 669 sacraverit
211 609 446 684 scripseritque,
468 609 669 685 nonagesimo
684 625 764 670 anno
780 605 847 668 Ser.
864 608 991 670 Galbam

53 690 81 748 al
90 690 175 766 populi
184 692 342 753 adduxerit
354 691 508 752 iudicium.
529 692 603 752 XLI.
625 693 717 766 hunc,
732 693 813 754 sicut
823 691 906 753 omni
920 692 990 768 vita,

53 779 96 833 tun
111 782 284 851 prensantem
301 776 459 852 premebat
475 775 634 847 nobilitas;
655 776 855 851 coierantque
869 783 993 852 praeter

52 855 75 914 L.
90 856 221 934 Flaccum,
247 858 300 935 qui
323 861 441 933 collega
461 860 492 920 in
513 862 675 922 consulatu
695 861 809 933 luerat,
836 858 992 921 candidati

52 955 129 1000 omes
140 943 175 1002 ad
189 942 380 1004 deiciendum
394 943 512 1004 honore
525 959 604 1018 eum,
621 960 681 1005 non
697 946 797 1006 solum
811 950 846 1005 ut
859 943 920 1020 ipsi
935 960 991 1019 po·

50 1021 92 1084 llus
104 1025 340 1100 adipiscerentur,
359 1042 417 1088 nec
431 1027 504 1103 quia
518 1027 753 1102 indignabantur
766 1044 880 1089 novum
893 1025 991 1088 homi·

51 1120 98 1166 rem
113 1123 256 1170 censorem
275 1111 397 1183 videre,
419 1111 477 1171 sed
497 1110 587 1174 etiem
602 1113 686 1187 quod
699 1111 816 1174 tristem
829 1125 991 1172 censuram

52 1189 275 1270 periculosamque
294 1195 458 1255 multorum
479 1195 577 1254 lunae
598 1203 628 1254 et
647 1195 686 1255 ab
701 1197 788 1256 laeso
803 1193 993 1270 aplerisque

51 1274 195 1337 etlaedendi
209 1279 323 1354 cupido
336 1278 567 1353 exspectabant.
594 1278 704 1339 etenim
718 1286 782 1338 tum
797 1292 924 1354 quoque
937 1276 991 1335 mi·
1029 1355 1034 1362 .

52 1354 193 1421 nlalmdus
212 1361 352 1436 petebat,
371 1361 519 1436 refragari
539 1360 598 1422 sibi
619 1363 671 1438 qui
692 1362 818 1422 liberam
840 1368 870 1422 et
883 1362 993 1422 sortem

52 1452 171 1502 mutuam
189 1444 328 1505 timerent
348 1445 546 1506 criminando.
573 1451 604 1506 et
622 1441 714 1506 simul
733 1446 767 1506 L.
782 1445 907 1506 Valerio
929 1445 992 1505 sul·

53 1519 197 1596 lugabuur:
216 1526 268 1589 illo
289 1542 354 1588 uno
375 1530 493 1602 collega
512 1529 663 1603 castigare
682 1545 718 1590 se
738 1545 820 1590 nova
833 1527 949 1604 flagitia
963 1533 994 1586 et

53 1605 138 1676 priscos
149 1625 290 1672 revocare
305 1626 408 1671 mores
424 1626 530 1685 posse.
558 1611 607 1672 his
622 1614 746 1673 accensi
759 1612 917 1686 homines,
938 1611 992 1670 ad·

31 1745 32 1752 ,
53 1700 115 1749 versa
124 1691 276 1767 uoblltale,
291 1711 355 1756 non
365 1695 405 1754 ll
417 1693 557 1755 Porcium
568 1695 661 1756 modo
674 1711 835 1757 censorem
847 1698 992 1765 lecerunt,

31 1803 32 1844 3
54 1770 90 1830 scd
100 1777 227 1852 eclogam
241 1779 269 1839 ei
282 1779 317 1838 L.
332 1777 489 1840 Valerituu
501 1777 644 1838 Flaccum
658 1779 845 1839 adiecerunt.

31 1855 32 1868 ¹
54 1932 59 1946 ⁸
110 1855 268 1924 Secundum
290 1862 413 1922 comitia
432 1876 597 1922 censorum
612 1863 757 1922 consules
772 1867 995 1936 praetoresque

31 1945 32 1954 ¹
53 1949 73 1994 u
82 1943 227 2012 provincias
242 1945 375 2022 proiecti
388 1953 509 2021 praeter
524 1944 558 2018 Q.
570 1944 728 2018 Naevium,
744 1957 836 2018 quem
851 1947 995 2018 quattuor

53 2025 183 2088 acaunus
192 2044 327 2102 menses,
343 2030 525 2105 priusquam
535 2029 566 2088 in
578 2025 750 2088 Sardiniam
761 2027 826 2100 iret,
840 2024 994 2100 quaestio·

54 2115 89 2162 res
102 2111 237 2186 veneficii,
262 2129 391 2188 quarrun
409 2128 550 2187 magnam
570 2121 688 2187 partem
710 2117 797 2170 extra
817 2109 925 2171 urbem
938 2123 996 2184 per

53 2188 176 2268 municipia
194 2195 460 2271 conciliabulaque
480 2196 600 2270 habuit,
623 2196 696 2272 quia
714 2194 757 2255 ita
777 2194 879 2270 aptius
894 2193 995 2254 visum

52 2277 106 2344 llll,
120 2281 281 2342 tenuerunt.
303 2280 330 2340 si
343 2280 457 2340 Antimi
471 2281 594 2340 Valerio
616 2279 743 2340 credere
762 2278 913 2352 libet‚‚ad
932 2277 993 2337 duo

53 2346 166 2421 hllliuum
178 2363 261 2424 milia
275 2364 438 2424 damnavit
461 2372 490 2424 et
504 2365 536 2423 L.
551 2363 724 2425 Postumius
739 2367 929 2438 propraetor,
947 2359 995 2420 cui

54 2429 173 2527 luculum
185 2446 345 2522 provincia
359 2455 517 2519 evenerat,
538 2463 666 2522 magnas
680 2453 840 2522 pastorum
854 2444 994 2504 coniura-

54 2521 122 2584 lones
137 2529 309 2604 vindicavit,
330 2537 360 2590 ct
378 2529 526 2606 reliquias
545 2531 784 2591 Bacchanalium
804 2525 995 2606 quaestionis

56 2613 100 2664 llll
114 2615 184 2674 omni
204 2621 371 2676 exsecutus
393 2621 442 2674 est
456 2631 539 2676 cura.
572 2615 684 2674 multos
704 2613 756 2687 qui
770 2621 823 2673 aut
837 2612 918 2672 citati
934 2624 997 2668 non

55 2683 174 2758 aluerant
185 2705 236 2760 aut
249 2697 347 2760 vades
362 2697 577 2771 deseruerant,
598 2697 629 2756 in
644 2711 682 2756 ea
696 2695 822 2768 regione
835 2693 939 2755 ltaliae
953 2694 998 2752 la-

56 2771 122 2836 tenus
133 2782 233 2852 partim
248 2781 360 2842 noxios
374 2781 533 2855 iudicavit,
554 2780 664 2856 parlim
679 2778 921 2855 comprehensos
934 2778 1000 2840 Ro·

56 2861 108 2915 nam
123 2863 156 2922 ad
168 2872 304 2926 senatum
318 2864 409 2926 misit.
436 2867 466 2925 in
483 2879 636 2926 carcerem
653 2877 760 2926 omnes
775 2879 793 2923 a
808 2862 840 2922 P.
857 2861 998 2924 cornelio

57 2938 147 3006 auerti
159 2957 234 3010 sunt.

69 3098 74 3109 ι
112 3024 185 3089 Xlll.
205 3034 239 3094 ln
248 3034 397 3110 Hispania
410 3032 554 3093 ulteriore
563 3032 673 3093 lractis
689 3031 828 3110 proximo
844 3031 926 3090 bello
937 3029 996 3091 Lu·

58 3105 131 3168 tranis
153 3115 267 3189 quietae
287 3133 338 3178 res
358 3117 493 3176 fuerant:
521 3117 552 3176 in
575 3116 715 3176 citeriore
735 3115 773 3176 Α.
785 3114 945 3175 Terentius
965 3113 998 3173 in

59 3177 209 3260 Suessetanis
224 3201 371 3277 oppidum
383 3198 565 3260 curbionem
579 3200 676 3260 vineis
692 3209 723 3261 et
737 3198 883 3273 operibus
898 3213 997 3272 expu-

58 3274 140 3358 navt,
158 3266 290 3359 captivos
312 3283 462 3344 vendidit:
486 3283 588 3358 quieta
609 3283 720 3344 deinde
739 3281 868 3343 hiberna
881 3289 911 3340 et
925 3279 998 3339 cite-

60 3359 99 3442 lor
117 3365 259 3433 provincia
282 3366 398 3429 habuit.
434 3373 555 3429 veteres
579 3374 738 3442 praetores
759 3365 791 3425 0.
814 3360 996 3439 Calpurnius

60 3424 105 3496 pll
121 3451 147 3504 et
161 3447 191 3508 L.
211 3451 366 3527 Quinctius
386 3452 515 3512 Romam
537 3449 701 3510 redierunt.
737 3449 860 3521 utrique
884 3454 996 3513 magno
