2328 3870
165 209 228 274 124
361 207 477 268 LIBER
491 207 565 267 XLl.
587 206 669 267 CAP.
684 214 728 268 23.
750 212 787 279 [a.
799 210 832 262 U.
846 227 869 262 c.
881 207 944 276 578]

162 359 248 436 pretii
263 357 506 433 recipiendorum
522 371 579 431 spe
593 363 728 418 nostram
743 355 881 430 ipsorum
893 354 1052 414 libertatem
1063 350 1122 416 sub

161 443 209 504 rui
224 441 407 517 attemptari
422 441 562 516 patimur.
595 440 664 515 quis
679 439 758 499 enim
773 455 835 499 non
848 437 934 498 videt
946 436 1022 496 mem
1035 436 1121 510 regiae

162 524 318 589 societatis
331 525 446 600 quaeri,
464 540 525 599 qua
535 525 706 584 Romanum
718 523 840 595 loedns,
853 535 915 598 quo
928 526 1029 581 nostra
1040 517 1121 578 omnia

162 612 369 681 continentur,
389 607 541 670 violaturi
562 607 620 667 nisi
635 606 696 666 hoc
710 604 836 666 dubium
850 604 942 666 alicui
956 611 1015 678 est,
1027 602 1120 662 bellan·

163 694 235 754 dum
256 691 403 754 Romanis
424 705 491 752 cum
513 690 626 750 Perseo
648 705 735 762 esse,
759 698 790 750 et
810 689 896 768 quod
917 686 986 748 vivo
1003 685 1124 758 Philippo

162 781 381 851 exspectatum,
396 781 493 834 morte
504 774 571 834 eius
583 773 807 848 interpellatum
820 779 877 848 esi,
890 771 922 830 id
935 776 1005 845 post
1015 774 1124 828 mortem

161 858 291 933 Philippi
307 859 448 918 futurum.
477 857 572 930 duos,
588 865 621 918 ut
635 857 735 931 seille,
758 854 865 918 habuit
879 853 960 915 lilios
975 852 1120 926 Philippus,

162 941 344 1002 Demetrium
360 947 392 1000 et
406 940 528 1002 Persea.
563 955 677 1015 genere
691 947 844 1012 materno,
866 940 991 1011 virtute,
1013 934 1124 1009 ingenio,

162 1027 268 1086 lavore
288 1023 492 1086 Macedonum
512 1026 604 1100 longe
623 1022 776 1100 praestitit
788 1022 972 1084 Demetrius.
1003 1019 1056 1080 sed
1068 1016 1122 1092 quia

163 1109 193 1168 in
207 1109 364 1170 Romanos
379 1106 442 1170 odii
457 1122 584 1182 regnum
600 1115 747 1183 posuerat
760 1107 948 1182 praemium,
963 1101 1125 1167 Demetrium

161 1193 244 1253 nullo
259 1192 319 1252 alio
336 1191 460 1252 crimine
474 1207 566 1266 quam
580 1192 738 1254 Romanae
752 1187 903 1252 amiculae
919 1188 1010 1249 initae
1023 1181 1124 1256 occidit,

160 1276 287 1350 Persea,
309 1291 399 1351 quern
419 1276 536 1351 populo
551 1276 689 1336 Romano
711 1273 797 1349 prins
815 1287 940 1348 poenae
954 1286 1041 1346 quem
1055 1266 1121 1341 regni
1160 1251 1163 1308 1

162 1359 305 1419 heredem
327 1360 460 1418 loturum
480 1358 611 1433 sciebat,
635 1371 740 1432 regem
760 1357 842 1418 lecit.
877 1357 984 1432 itaque
1004 1351 1070 1430 quid
1087 1348 1126 1408 hic

162 1447 234 1516 post
252 1447 380 1502 mortem
401 1441 497 1514 patris
512 1442 574 1514 egit
597 1441 680 1502 ahud
695 1457 786 1516 quam
801 1439 917 1502 bellum
931 1437 1064 1516 peravitt
1079 1434 1122 1494 Ba·

162 1522 618 1597 stamasprimumedterrorem
629 1523 763 1584 omnium
775 1523 999 1586 inDardanium
1011 1515 1126 1585 immista

162 1606 214 1681 qui
229 1606 256 1666 si
271 1606 377 1666 sedern
391 1621 458 1664 eam
474 1607 651 1680 tenuissent,
667 1609 826 1682 graviores
846 1623 904 1671 eos
918 1608 1039 1668 accolas
1051 1601 1125 1661 Grae·

162 1690 210 1749 cia
222 1689 383 1750 habuisset
397 1705 488 1764 quam
503 1691 580 1750 Asia
591 1691 695 1753 Gallos
708 1690 850 1752 habehat
873 1707 913 1752 ea
927 1705 985 1766 spe
997 1686 1126 1762 depulsae

161 1779 343 1833 nontamen
364 1774 435 1835 belli
456 1773 585 1834 consilia
605 1775 722 1837 omisit:
743 1776 851 1847 immo,
873 1771 904 1835 si
919 1789 992 1834 vere
1005 1771 1123 1833 volumus

162 1856 274 1930 dicere,
289 1858 348 1918 iam
360 1855 514 1919 inchoavit
525 1858 646 1931 bellum.
669 1859 830 1934 Dolopiam
842 1857 937 1920 armis
949 1854 1126 1930 subegitnet

162 1948 367 2014 provocantes
392 1943 432 2002 de
455 1941 674 2004 controversiis
698 1943 737 2003 ad
761 1941 1017 2017 disceptationem
1041 1931 1124 2013 populi

1161 447 1163 516 l

1159 1091 1163 1160 l

1162 1329 1163 1346 l

1162 1359 1163 1372 r

1161 1377 1163 1394 l

1161 1733 1163 1746 Ι

1161 1747 1163 1762 l

1161 1787 1163 1798 t

1162 1815 1163 1824 r

1161 1859 1163 1906 l

162 2022 292 2085 Romani
311 2023 436 2084 audivit
470 2026 541 2087 inde
558 2033 770 2102 transgressus
786 2024 906 2098 Oetam,
930 2033 964 2087 ut
977 2017 1125 2099 repentein
1161 2057 1162 2060 ,

162 2106 262 2164 medio
278 2107 421 2170 umbilico
434 2109 580 2169 Graeciae
592 2110 831 2184 conspiceretur,
847 2107 988 2184 Delphos
999 2099 1126 2168 escendit

162 2188 239 2248 haec
250 2190 408 2262 usurpatio
424 2190 539 2250 itineris
550 2191 662 2252 insoliti
676 2209 737 2266 quo
749 2193 838 2253 vobis
851 2201 994 2267 spectare
1007 2187 1127 2250 videtur

161 2265 350 2330 Thessaliam
376 2272 487 2332 deinde
512 2275 701 2348 peragravit:
729 2275 813 2351 quod
836 2276 903 2336 sine
926 2275 1018 2338 ullius
1038 2281 1126 2331 eorum

162 2367 242 2447 quos
257 2352 365 2416 oderat
378 2356 479 2430 noxia,
495 2355 555 2416 hoe
569 2359 666 2433 magis
680 2359 909 2436 temptationem
924 2367 1036 2422 metuo.
1067 2351 1126 2413 inde

160 2436 275 2496 litteras
291 2438 332 2498 ad
345 2453 403 2500 nos
415 2455 484 2500 cum
495 2440 630 2504 muneris
643 2443 748 2518 specie
759 2443 848 2517 misit,
864 2450 893 2503 et
905 2445 1039 2522 cogitare
1049 2437 1124 2502 iubet

162 2534 224 2594 quo
239 2521 332 2583 modo
346 2521 376 2582 iu
391 2523 542 2599 reliquum
557 2525 617 2586 hoc
631 2541 757 2589 munere
771 2542 831 2587 non
847 2543 1003 2602 egeamus,
1022 2525 1075 2586 hoc
1088 2520 1126 2579 est

161 2609 195 2663 ut
208 2604 373 2684 decretum,
391 2623 452 2682 quo
467 2617 608 2670 arcentur
617 2611 833 2686 Peloponneso
845 2610 1040 2682 Macedones,
1054 2604 1125 2666 tolla·

161 2702 246 2758 musa
276 2707 383 2752 marsus
405 2693 522 2768 legatos
536 2694 653 2770 regios,
678 2702 707 2755 et
722 2693 856 2770 hospitia
870 2711 938 2756 cum
955 2688 1128 2772 principibus
1149 2749 1155 2756 ,

161 2777 193 2828 et
211 2787 285 2833 mox
303 2774 505 2837 Macedonum
525 2779 692 2853 exercitus,
714 2779 814 2852 ipsum
837 2795 963 2856 quoquc
985 2767 1127 2850 ehelphis

125 2931 129 2938 ι
161 2881 203 2894 -
215 2865 361 2928 quantum
381 2858 462 2918 enim
483 2859 629 2920 interfluit
647 2862 830 2922 iretumt-
843 2864 1027 2925 traicientem
1043 2861 1069 2920 in
1082 2854 1124 2912 Pe

163 2934 365 3027 loponnesum
377 2940 544 3018 videamus,
557 2945 781 3006 immisceamur
791 2946 1011 3010 Macedonibus
1023 2951 1125 3004 annau·

161 3015 243 3077 tibus
258 3035 294 3080 se
309 3023 460 3090 adversus
474 3027 640 3090 Romanos.
663 3045 720 3105 ego
738 3030 810 3090 nihil
825 3031 897 3092 novi
909 3046 1022 3093 censeo
1035 3027 1125 3086 decer·

161 3100 310 3180 nendum,
337 3111 552 3187 servandaque
571 3115 671 3174 omnia
692 3114 823 3190 integra,
851 3115 952 3176 donec
974 3113 1012 3174 ad
1027 3110 1125 3171 cenum

159 3180 325 3262 redigatur,
335 3207 474 3255 vanusne
485 3195 535 3256 hic
547 3197 636 3259 timor
646 3205 752 3259 noster
763 3215 801 3258 an
813 3214 906 3260 verus
919 3197 1017 3260 fuerit
1038 3191 1124 3265 siper
1157 3229 1159 3234 ,

160 3261 309 3333 inviolata
332 3275 409 3336 inter
428 3278 615 3343 Macedonas
634 3284 856 3358 Romanosque
877 3282 1024 3355 manebit,
1048 3267 1125 3335 nobis

160 3362 287 3446 quoque
308 3360 437 3421 amicitia
451 3371 481 3424 et
496 3367 710 3428 commercium
726 3368 778 3428 sit:
802 3383 882 3428 nunc
897 3368 937 3428 de
952 3383 988 3428 eo
1007 3358 1125 3434 coiitare

159 3439 367 3502 periculosum
379 3450 411 3518 ‚et
424 3445 615 3510 immaturum
626 3451 775 3513 videtur.“
