2424 3872
207 225 325 286 LIBER
338 225 470 288 XXXIX.
495 228 576 288 CAP.
593 237 636 293 18.
650 239 691 294 19.
702 239 748 292 20.
772 238 807 306 [a.
820 239 926 307 C.186]
1011 233 1052 297 17

0 419 1 446 ι
70 395 126 440 non
138 377 242 437 minus
255 385 367 451 essent,
382 377 423 437 ita
435 377 465 438 id
479 393 600 439 sacrum
613 379 820 454 laceretdarn
832 397 871 443 ne
882 385 951 458 plus
964 384 1051 460 quin·

0 493 1 544 q
69 476 126 537 que
136 461 296 521 *sacrificio
312 459 504 536 interessent,
520 478 581 523 neu
593 479 655 537 qus
665 464 799 538 pecunia
810 468 978 527 communis
991 483 1050 529 neu

69 545 135 622 quis
155 543 305 619 magister
322 560 483 606 sacrorum
507 553 560 606 aut
579 547 729 608 sacerdos
744 556 838 609 esset
865 548 945 610 XIX.
967 551 1050 613 aliud

9 629 13 638 ‘
68 628 178 689 deinde
198 627 271 688 huie
292 627 485 689 coniunctum
505 631 658 691 referente
673 631 708 704 Q.
722 630 837 693 Marcio
859 633 988 693 consule
1001 650 1050 695 se·

68 719 156 772 natus
172 712 347 772 consultum
362 713 475 773 lactum
489 721 545 786 est,
562 720 597 774 ut
612 713 651 774 de
664 714 711 787 iis,
729 731 809 789 quos
824 731 881 791 pro
896 715 1049 778 indicibus

69 797 214 856 consules
236 795 432 871 habuissent,
455 797 573 872 integra
591 811 644 858 res
665 798 704 857 ad
720 806 860 859 senatum
875 800 1049 875 referretur,

68 895 135 940 cum
156 877 211 954 Sp.
232 877 406 940 Postumius
432 880 664 956 quaestionibus
689 883 833 956 perlectis
851 884 982 943 Romam
1001 899 1050 944 re-

66 963 173 1024 disset.
209 961 336 1022 Minium
351 963 516 1024 Cerrinium
533 963 719 1040 Campanum
732 966 867 1026 Ardeam
879 967 913 1026 in
927 966 1050 1028 vincula

0 1043 1 1050 ’
66 1046 244 1108 mittendum
261 1055 454 1123 censuerunt,
469 1048 760 1124 magistratibusque
773 1051 948 1112 Ardeatium
959 1067 1048 1126 prae-

0 1175 1 1182 ι
67 1129 246 1203 dicendum,
267 1137 302 1189 ut
322 1131 484 1192 intentiore
505 1147 575 1191 eum
597 1133 739 1195 custodia
751 1133 966 1209 adservarent,
986 1151 1047 1195 non

69 1215 166 1275 solum
188 1229 229 1272 ne
243 1213 413 1288 -eltugeret,
436 1215 492 1274 sed
514 1231 554 1274 ne
568 1216 676 1278 mortis
690 1217 934 1278 consciscendae
948 1218 1049 1278 locam

67 1296 201 1357 haberet.
229 1295 284 1371 Sp.
298 1297 474 1359 Postumius
488 1299 643 1372 aliquanto
660 1306 733 1374 post
745 1299 874 1360 Romam
889 1300 987 1360 venit:
1011 1316 1048 1361 eo

68 1382 217 1441 referente
243 1380 282 1440 de
306 1379 337 1438 Ρ.
358 1381 482 1442 Aebutii
508 1387 537 1440 et
556 1382 705 1459 Hispalae
723 1381 877 1443 Feceniae
900 1382 1047 1459 praemio,

70 1465 150 1540 quod
169 1480 278 1526 eorum
300 1480 396 1540 opera
416 1465 549 1525 indicata
562 1465 766 1526 Bacchanalia
780 1473 899 1541 essent,
922 1475 1048 1529 senatus

69 1549 239 1610 consultum
254 1549 366 1608 lactum
382 1556 445 1622 est,
463 1548 506 1608 uti
521 1547 651 1624 singulis
665 1549 713 1611 his
729 1557 858 1611 centena
871 1550 954 1611 milia
967 1552 1048 1612 aeris

70 1639 250 1706 quaestores
270 1630 380 1691 urbani
395 1648 437 1692 ex
452 1633 569 1692 aerario
587 1633 711 1703 darana
734 1634 840 1710 utiquo
854 1636 964 1695 consul
979 1650 1049 1695 cum

69 1715 194 1776 tribunis
216 1714 316 1790 plebis
334 1723 457 1790 agera,
477 1722 513 1775 ut
532 1717 572 1776 ad
583 1717 707 1791 plebem
720 1715 818 1791 primo
835 1732 959 1792 quoque
973 1725 1049 1778 tem·-

70 1813 141 1872 pore
160 1799 291 1868 terrent,
311 1806 347 1858 ut
359 1798 392 1858 P.
408 1799 540 1860 Aebutia
562 1799 687 1859 emerita
702 1798 855 1875 stipendia
869 1809 988 1876 essent,
1010 1799 1050 1859 ne

69 1882 175 1942 invitus
195 1881 338 1942 militaret
352 1899 431 1942 neve
445 1897 593 1943 censores
607 1897 720 1958 equum
735 1883 890 1957 publicam
906 1883 1049 1957 adsigna·

71 1972 146 2036 rent;
179 1967 287 2040 utique
306 1965 457 2026 Feceniae
477 1966 624 2040 Hispalae
650 1967 732 2026 datio
762 1965 928 2026 deminutio
948 1965 1049 2040 gentis

0 2047 1 2054 ’
69 2049 190 2124 enuptio
212 2049 322 2109 tutoris
345 2050 429 2124 optio
448 2050 519 2110 item
540 2055 640 2122 esset,
662 2049 751 2125 quasi
765 2049 793 2108 ei
807 2048 854 2108 vir
867 2055 1048 2110 testamento

0 2123 1 2140 ¹
70 2132 220 2202 dedisset;
249 2133 353 2208 utique
371 2134 402 2192 ei
422 2134 557 2208 ingenuo
575 2133 693 2194 nubere
707 2133 825 2208 liceret,
846 2148 909 2194 neu
930 2133 1005 2209 quid
1020 2133 1049 2194 ei

0 2271 1 2292 ,
69 2216 116 2292 qui
131 2231 199 2276 eam
214 2216 357 2278 duxisset
367 2215 410 2278 ob
425 2217 456 2276 id
471 2216 571 2277 fraudi
585 2215 809 2292 ignominiaeve
823 2223 923 2287 esset;
944 2217 1049 2293 utique

0 2291 22 2386 ξ’
67 2301 209 2360 consules
224 2307 463 2375 praetoresque,
486 2300 538 2375 qui
553 2315 635 2362 nunc
649 2308 756 2361 essent
770 2301 862 2376 quive
878 2307 988 2376 postea
1003 2302 1048 2361 lu-

0 2459 1 2462 *
67 2385 120 2443 turi
135 2389 252 2457 essent,
269 2390 419 2457 curarent,
434 2399 474 2442 ne
488 2381 562 2458 quid
574 2384 602 2442 ei
613 2383 730 2444 midieri
742 2384 870 2444 iniuriae
881 2385 976 2458 fieret,
991 2381 1049 2445 uti·

0 2499 1 2514 ι
66 2483 123 2542 que
143 2473 210 2528 tulo
231 2475 325 2526 esset.
358 2467 389 2526 id
411 2472 550 2527 senatum
566 2467 646 2526 velle
661 2475 837 2542 etaequum
853 2482 995 2542 censere,
1016 2474 1050 2527 ut

0 2563 17 2616 l
64 2550 103 2610 ita
116 2551 214 2610 fieret.
235 2565 273 2609 ea
288 2551 390 2610 omnia
403 2551 465 2610 lato
478 2549 519 2610 ad
533 2549 654 2625 plebem
669 2552 812 2625 factaque
827 2558 946 2611 suntex
959 2565 1047 2610 sena·

65 2640 110 2694 lus
133 2634 296 2703 consulto;
319 2633 411 2694 etde
432 2639 602 2694 ceterorum
618 2631 752 2694 indicum
768 2633 947 2708 impunitate
961 2647 1048 2706 prae·

0 2709 1 2780 ]
65 2717 195 2794 miisque
211 2717 392 2778 consulibus
408 2715 593 2792 permissum
608 2722 664 2774 est.

0 2815 1 2854 1
144 2800 210 2860 XX.
232 2800 271 2860 Et
291 2801 351 2859 iem
367 2800 400 2874 Q.
414 2799 548 2860 Marcius
570 2797 803 2875 quaestionibus
821 2814 898 2860 suae
911 2797 1047 2876 regionis

66 2883 208 2956 perlectis
225 2883 256 2942 in
273 2883 403 2958 Ligures
418 2883 608 2960 provinciam
622 2882 778 2957 proticisci
792 2883 935 2958 parabat,
950 2885 1047 2944 tribus

0 3003 1 3012 ι
65 2967 184 3028 milibus
201 2967 339 3042 pediturn
352 2968 570 3040 Romanorum,
586 2974 708 3027 centum
723 2966 947 3043 quinquaginta
962 2967 1047 3042 cqui-

66 3049 152 3123 tibus,
168 3059 200 3111 et
211 3051 349 3126 quinque
359 3051 481 3112 milibus
492 3050 590 3110 Latini
601 3050 733 3112 nominis
745 3050 891 3126 peditum,
907 3050 1047 3111 ducentis

67 3134 217 3206 equitibus
243 3135 273 3194 in
300 3135 547 3210 supplementum
571 3134 716 3208 acceptis.
751 3133 858 3194 eadem
879 3133 1047 3210 provincia,

67 3213 144 3275 idem
165 3233 312 3277 numerus
334 3217 471 3292 peditum
490 3219 689 3293 equitumque
710 3223 740 3276 et
753 3218 891 3294 collegae
906 3218 1047 3278 decretus

67 3306 136 3358 erat.
158 3301 313 3360 exercitus
329 3309 610 3376 acceperuntquas
628 3301 731 3374 priore
745 3316 825 3362 anno
838 3303 869 3362 C.
881 3298 1048 3362 Flaminius

67 3381 145 3441 etM.
157 3384 306 3444 Aemilius
323 3386 467 3446 consules
482 3384 662 3444 habuerunt.
686 3385 763 3444 duas
779 3394 938 3459 praeterea
951 3379 1047 3454 legio·

69 3478 120 3524 nes
146 3483 244 3527 novas
271 3484 311 3528 ex
334 3476 458 3529 senatus
484 3469 624 3529 consulto
652 3467 786 3526 scribere
806 3467 884 3526 iussi
906 3468 991 3534 sunt,
1018 3471 1049 3521 et

107 3565 133 3605 r.
149 3565 212 3608 ervr
226 3567 302 3611 rans
316 3553 353 3610 V.
820 3554 837 3601 2
