2364 3862
247 197 362 256 LlBER
377 197 481 256 XLIV.
505 197 586 256 cult
603 205 645 259 13.
668 205 703 272 [a.
715 205 747 256 C.
764 207 824 273 169]
962 204 1022 266 221

89 279 99 314 i

128 351 206 410 Xlli.
227 351 309 410 inter
323 349 401 408 haec
415 355 445 408 et
459 349 576 423 consul,
593 365 631 420 ne
646 351 751 425 segnis
768 351 890 412 sederet
910 361 1025 418 tantum

1 407 2 410 Ἴ
52 435 78 493 in
98 450 171 508 agro
191 434 327 504 hostico,
348 433 389 491 Μ.
403 432 562 506 Popillium
579 448 647 492 cum
663 434 799 510 quinque
813 435 934 496 milibus
949 440 1025 499 mili·

1 528 2 596 ζ
51 526 107 577 turn
127 518 167 576 ad
180 518 364 577 Meliboeam
384 517 490 575 urbem
512 517 750 591 oppugnandam
771 519 867 579 mittit.
900 521 958 581 sita
979 530 1026 583 est

1 599 2 652 3
50 602 76 660 in
86 602 239 661 radicibus
252 599 350 660 Ossae
361 600 482 673 montis,
498 615 560 674 qua
576 600 702 674 partein
714 601 904 662 Thessaliam
918 606 1025 680 vergit,

1 808 3 897 l

51 692 217 760 opportune
236 683 396 743 imminens
413 699 508 758 super
521 683 751 744 Demetriadem.
779 686 896 760 primus
911 688 1025 749 adven·

50 776 92 829 lus
105 769 240 828 hostiurn
256 767 386 840 perculit
399 768 516 827 incolas
532 767 606 826 loci:
623 768 758 828 collectis
775 768 886 829 deinde
900 786 918 830 e
933 787 1025 832 neco·

49 855 144 926 pinato
172 865 293 926 pavore
321 850 427 910 animis
457 849 632 910 discurrunt
659 853 765 911 armati
789 853 830 912 ad
857 861 962 928 portas
988 872 1025 916 ac

48 936 169 1007 moenia,
199 950 261 1008 qua
287 932 425 1009 suspecti
450 933 550 994 aditus
570 941 671 1003 erant3
697 951 849 1011 spemque
869 941 1024 1014 extemplo

48 1018 213 1078 inciderunt
228 1017 297 1092 capi
314 1019 411 1092 primo
427 1018 541 1090 impetu
557 1032 663 1092 posse.
694 1019 815 1079 obsidio
830 1020 921 1094 igitur
936 1039 1024 1096 para·

49 1102 135 1176 batur,
152 1111 184 1162 et
200 1117 296 1176 opera
311 1100 573 1176 oppugnationum
588 1101 653 1160 lieri
670 1111 788 1176 coepta.
810 1103 942 1164 Perseus
955 1121 1023 1166 cum

48 1187 179 1246 audisset
195 1185 285 1246 simul
300 1184 483 1244 Meliboeam
499 1201 517 1244 a
531 1183 668 1244 consulis
691 1187 827 1246 exercitu
841 1189 1024 1262 oppugnari,

47 1271 127 1330 simul
143 1271 281 1329 classem
295 1269 368 1328 Iolci
384 1275 481 1341 stare,
502 1275 536 1328 ut
550 1267 622 1327 inde
636 1267 860 1329 Demetriadem
875 1271 1024 1344 adgrede-

48 1361 136 1427 retur,
156 1352 391 1428 Euphranorem
418 1352 571 1427 quendam
591 1367 631 1410 ex
652 1351 783 1413 ducibus
807 1369 876 1413 cum
898 1355 1023 1416 delectis

47 1438 160 1498 duobus
176 1435 301 1496 milibus
315 1436 497 1496 Meliboeam
513 1435 608 1496 mittit.
631 1433 729 1496 eidem
745 1436 934 1512 imperatum,
949 1447 983 1500 ul
997 1442 1022 1498 si

47 1521 230 1580 aMeliboea
256 1520 474 1581 summovisset
493 1520 665 1593 Romanos,
690 1520 911 1581 Demetriadem
938 1523 1024 1597 prius

47 1605 158 1665 occulto
175 1604 283 1664 itinere
298 1604 436 1676 intraret,
458 1618 547 1679 quarn
572 1603 611 1662 ab
634 1604 717 1665 Iolco
742 1605 782 1664 ad
802 1605 907 1665 urbem
924 1612 1024 1666 eastra

47 1694 199 1749 moverent
212 1687 352 1749 Romani.
383 1695 413 1747 et
427 1688 466 1748 ab
482 1687 746 1762 oppugnatoribus
761 1688 938 1762 Meliboeae,
954 1705 1022 1749 cum

46 1772 71 1830 in
81 1772 294 1848 superioribus
306 1771 728 1846 locisrepenteapparuissel,
741 1786 810 1830 eum
820 1771 1024 1845 trepidatione

47 1858 132 1916 multa
145 1855 256 1916 relicta
271 1871 366 1929 opera
380 1863 452 1916 sunt
467 1854 609 1930 ignisque
624 1854 764 1914 iniectus.
786 1853 827 1912 ita
840 1871 859 1914 a
873 1853 1024 1914 Meliboea

48 1939 224 2000 abscessum
240 1947 296 1999 est.
324 1939 507 2014 Euphranor
525 1939 626 1999 soluta
646 1937 736 1998 unius
757 1937 840 1998 urbis
862 1937 1024 1998 obsidione

47 2022 264 2084 Demetriadem
288 2024 443 2099 extemplo
465 2023 557 2082 ducit
587 2028 677 2082 nocte
691 2020 708 2058 *
722 2021 844 2082 moenia
858 2020 950 2081 modo
966 2023 1021 2082 sed

48 2121 131 2180 egros
147 2107 240 2166 etiarn
256 2107 449 2167 confiderunt
464 2121 499 2167 se
514 2121 532 2165 a
552 2106 801 2181 populationibus
818 2106 895 2166 tueri
910 2121 1021 2180 posse;

5 2215 6 2218 ¹
48 2197 73 2249 ct
91 2191 270 2267 eruptiones
291 2192 321 2250 in
343 2206 440 2266 vagos
463 2191 663 2264 populatores
683 2207 744 2251 non
762 2191 830 2250 sine
845 2189 1022 2250 vulneribus

49 2276 173 2336 nostium
188 2276 288 2335 iactae
300 2282 380 2334 sunt
403 2274 599 2335 circumvecti
607 2283 707 2334 lamen
721 2275 841 2335 moenia
852 2280 923 2335 sunt
934 2290 1023 2348 prae-

48 2371 88 2416 tor
101 2368 131 2420 et
141 2367 210 2432 'rex,
226 2359 315 2419 silum
329 2358 414 2419 urbis
431 2359 687 2434 contemplantes,
707 2359 734 2418 si
750 2375 812 2434 qua
826 2365 913 2432 parte
927 2365 1024 2432 temp·

48 2447 104 2502 lare
124 2449 177 2502 aut
197 2457 293 2517 opere
314 2449 365 2501 ant
384 2443 415 2500 vi
435 2449 573 2516 possent.
603 2443 683 2502 lama
704 2442 759 2502 luit
779 2458 835 2517 per
855 2441 1022 2518 Cydantem

48 2523 217 2585 Cretensem
228 2533 258 2586 et
264 2526 486 2600 Antimachum,
499 2525 741 2600 quiDemetriadi
752 2531 900 2601 praeerat,
914 2530 1021 2583 tracta-

47 2615 89 2668 tas
112 2609 192 2670 inter
209 2609 365 2669 Eumenen
387 2616 418 2669 et
437 2609 550 2669 Persea
573 2609 772 2669 condiciones
792 2606 952 2667 amicitiae.
983 2605 1022 2664 ab

47 2692 233 2752 Demetriade
249 2701 330 2754 certe
345 2693 525 2753 abscessum
544 2700 601 2753 est.
629 2693 784 2752 Eumenes
803 2691 843 2750 ad
865 2689 1023 2750 consulem

48 2775 178 2851 navigat;
194 2778 364 2852 gratulatus
380 2779 463 2851 quod
480 2792 629 2853 prospere
643 2775 855 2836 Macedoniam
871 2774 1022 2850 intrasset

49 2857 220 2934 Pergamum
235 2861 265 2920 in
280 2876 408 2935 regnum
424 2861 494 2921 abit.
516 2861 651 2920 Marcius
661 2859 787 2935 Figulus
800 2867 923 2934 praetor
936 2865 1023 2934 parte

51 2943 151 3004 classis
166 2945 195 3003 in
220 2945 347 3004 hiberna
368 2944 523 3005 Sciathum
544 2946 640 3004 missa
662 2960 731 3005 curn
748 2944 876 3020 reliquis
891 2943 1021 3004 navibus

51 3023 151 3086 Oreum
165 3027 313 3088 Euboeae
328 3029 410 3102 petit,
426 3044 493 3088 eam
508 3028 614 3088 urbem
628 3029 817 3103 aptissimam
832 3036 927 3103 ratus,
942 3028 1022 3087 unde

50 3111 241 3186 exercitibus,
264 3113 316 3186 qui
334 3112 364 3170 in
380 3111 562 3173 Macedonia
579 3111 695 3187 quique
709 3111 739 3171 in
754 3112 912 3173 Tbessalia
926 3116 1021 3185 erant,

50 3192 116 3252 mitti
133 3203 320 3256 commeatus
337 3203 474 3270 possent.
497 3197 536 3256 de
549 3195 686 3256 Eumene
700 3211 773 3271 rege
791 3197 883 3271 longe
897 3195 1021 3255 diversa

52 3277 172 3340 tradunt
199 3280 226 3340 si
240 3279 364 3340 Valerio
378 3279 490 3340 Antiati
507 3279 627 3354 credas,
645 3295 704 3339 nec
720 3282 821 3339 classe
835 3279 969 3340 adiutum
982 3274 1021 3333 ab

51 3372 85 3417 eo
106 3369 272 3434 praetorem
293 3379 380 3433 esse,
407 3378 475 3422 cum
496 3379 591 3439 saepe
613 3378 682 3422 eum
703 3363 808 3423 litteris
829 3361 1020 3427 arcessisset,

52 3443 141 3518 tradit,
156 3463 212 3506 nec
229 3462 298 3507 curn
313 3448 409 3521 gratia
424 3447 462 3506 ab
479 3448 788 3520 consuleproleotum
802 3445 832 3502 in
845 3443 959 3513 Asiam,
975 3442 1021 3500 in-
