2328 3870
188 212 232 276 94
367 212 482 273 LIBER
495 211 556 272 XL.
578 212 661 273 CAP.
675 219 719 276 ab.
732 221 775 277 al.
798 219 835 286 [a.
848 217 884 271 U.
896 235 921 271 c.
931 217 991 287 ola]

188 368 217 428 in
234 365 430 442 proverbium
445 365 544 436 venit,
564 363 712 425 amicitias
730 363 932 438 immortales,
953 364 1086 425 mortales
1097 365 1137 426 ini·

187 449 316 510 miciliae
328 448 442 508 debere
452 453 555 508 esse.“
570 447 707 508 nonnitus
719 455 805 508 emus
817 462 886 508 eum
898 447 1038 520 adsensu,
1049 445 1143 509 deinde

187 533 400 595 universormn
415 545 511 592 voces
525 531 606 590 idem
616 531 783 606 petentium
795 531 943 592 contusae
953 529 983 590 in
994 546 1077 590 unum
1086 547 1138 591 ora

187 617 300 678 tionem
323 614 561 689 interpellarunt.
594 613 666 675 inde
685 615 834 674 Aemilius
860 619 986 689 questus
1007 628 1069 674 cum
1085 615 1142 686 alia,

187 699 310 762 tumbis
324 715 345 757 a
356 697 397 757 id.
412 697 519 758 Fulvio
535 711 571 757 se
584 706 669 758 certo
685 699 847 758 consulatu
861 695 1140 758 delectaminum

187 790 294 844 contra
314 781 402 857 queri
419 795 457 841 se
477 780 516 840 ab
537 795 574 839 eo
599 795 722 857 semper
741 779 919 842 lacessitum
932 777 1004 840 etin
1018 781 1140 855 probrum

188 881 277 928 suum
287 865 486 940 sponsionem
499 864 618 924 luctam.
640 871 740 924 mmen
752 864 843 925 ambo
853 864 1034 938 significare,
1048 863 1072 924 si
1082 865 1142 922 alter

188 949 285 1018 vellet,
294 961 330 1008 se
340 947 371 1008 ia
383 953 535 1024 potestate
545 954 590 1008 tot
601 948 772 1024 principum
784 946 915 1008 civitatis
926 947 1051 1008 laturos.
1064 945 1138 1007 omni·

188 1033 245 1093 bus
258 1031 441 1093 instantibus
457 1031 509 1106 qui
523 1031 650 1092 aderant
663 1031 788 1092 dexuas
802 1031 958 1106 iidemque
973 1030 1079 1091 dedere
1089 1027 1138 1088 mit·

187 1124 251 1176 tere
270 1129 344 1177 vere
363 1129 401 1175 ae
420 1113 509 1174 finire
522 1113 636 1175 edium.
663 1113 775 1174 deinde
789 1114 1031 1175 collaudantibus
1046 1110 1141 1174 ωιιιὶι

187 1197 311 1260 deducti
331 1205 403 1259 sunt
422 1197 452 1258 in
469 1197 659 1273 capitolium.
695 1205 725 1258 ct
738 1212 813 1258 cura
830 1212 927 1273 super
939 1196 993 1258 tali
1006 1212 1038 1257 re
1051 1195 1139 1273 princi·

186 1299 260 1358 pum
274 1290 305 1343 et
318 1280 447 1342 facilitas
468 1295 631 1342 censorum
652 1281 775 1356 egregie
789 1281 991 1356 comprobata
1003 1282 1040 1341 ab
1054 1287 1140 1343 senatu

186 1372 217 1424 et
240 1366 362 1424 laudata
382 1373 438 1424 est
470 1365 651 1426 censoribus
672 1366 784 1426 deinde
802 1364 1042 1440 postulantibus,
1060 1370 1138 1437 ulpe

187 1445 296 1506 cuniae
310 1462 428 1507 summa
442 1446 516 1520 sibi,
537 1464 599 1522 qua
612 1447 642 1506 in
658 1463 755 1523 opera
768 1449 893 1524 publica
905 1455 1065 1522 uterentur,
1078 1443 1139 1506 atul-

187 1529 337 1600 buerctur,
358 1529 486 1604 vectigal
500 1545 634 1590 annuum
649 1531 804 1594 decretum
818 1540 876 1592 est

269 1611 386 1673 XLVII.
408 1613 524 1673 Eodem
539 1629 619 1673 anno
635 1614 665 1674 ln
679 1614 829 1690 Hispania
841 1615 875 1675 L.
890 1615 1061 1678 Pomumlue
1074 1609 1141 1673 etii

186 1693 386 1771 Sempronius
407 1703 624 1772 propraetores
645 1705 901 1774 comparaverant
915 1700 958 1759 ita
973 1700 1047 1760 inter
1058 1713 1100 1766 ee,
1117 1701 1141 1753 at

186 1778 215 1838 in
230 1779 391 1840 Vaccaeos
412 1795 469 1855 per
480 1779 667 1841 Lusitaniam
686 1781 743 1844 iret
761 1781 908 1854 Albinus,
929 1785 961 1842 in
978 1779 1141 1843 celtiberiae

185 1862 256 1922 inde
268 1871 488 1934 reverberatum
503 1864 669 1937 Gracchus,
684 1865 711 1926 sl
726 1865 825 1926 malus
842 1866 883 1925 ibi
898 1866 1012 1931 ballum
1026 1870 1108 1936 essct,
1119 1859 1139 1920 in

185 1947 289 2006 ultima
304 1945 481 2007 Celtiberiae
496 1955 678 2022 penetraret
710 1948 854 2009 Mundam
868 1950 978 2010 urbern
992 1943 1141 2026 pnmumvi

187 2030 276 2103 cepit,
292 2036 383 2090 nocte
397 2045 437 2089 ex
449 2028 618 2105 improviso
634 2033 811 2107 adgressus.
835 2034 974 2108 acceptis
988 2032 1091 2094 deinde
1100 2027 1140 2088 ob

186 2108 306 2172 sidibus
321 2113 540 2188 praesidioque
554 2114 698 2189 imposito
713 2117 839 2177 castelle
854 2131 1049 2193 oppugnare,
1069 2125 1142 2190 agros

86 2219 89 2226 ¹
184 2208 289 2267 urere,
314 2194 413 2255 donec
434 2195 473 2255 ad
493 2197 700 2270 praevalidam
723 2199 811 2259 ιιιιιιιι
827 2200 934 2261 urbem
947 2230 993 2250 u
1006 2198 1142 2262 catam

184 2277 339 2350 appellant
351 2277 489 2338 Celtiberi
500 2309 543 2324 -
553 2279 701 2356 pervenit
728 2283 780 2344 ubi
794 2299 863 2343 eum
877 2283 937 2344 ιιιιι
951 2299 1046 2361 opera
1057 2281 1142 2342 admo

182 2365 282 2432 veret,
303 2358 428 2421 veniunt
446 2363 536 2436 legati
550 2379 590 2424 ex
604 2364 736 2440 oppido,
758 2381 887 2442 quorum
903 2383 1006 2430 sermo
1022 2366 1142 2440 antiquae

183 2441 383 2517 simplicitatis
397 2444 464 2519 lauit,
486 2461 547 2506 non
566 2447 820 2510 dissimulantium
834 2451 1019 2526 bellaturos,
1040 2451 1065 2511 si
1078 2448 1143 2506 vires

183 2533 298 2587 essent
326 2527 477 2602 petierunt
490 2531 585 2605 enim,
604 2538 638 2591 ut
651 2531 733 2592 sibl
725 2549 755 2592 ιιι
770 2541 872 2594 castra
885 2528 1143 2596 Celtiberorunirl

183 2610 285 2670 liceret
304 2611 344 2671 ad
364 2611 691 2689 auxillaacclpienda·
720 2613 828 2678 sinon
850 2617 1077 2694 impetrassent,
1095 2621 1143 2674 tun

183 2695 347 2769 separatim
362 2695 442 2773 [eos]
458 2696 496 2755 ab
511 2695 570 2757 illis
585 2714 620 2757 se
635 2698 840 2760 consulturos.
863 2703 1055 2776 permittente
1069 2699 1142 2758 Grac

183 2776 263 2837 cho·
256 2785 368 2850 rerunt,
384 2784 415 2838 et
430 2786 500 2853 post
515 2782 624 2854 paucis
640 2781 749 2842 dicbus
765 2783 842 2844 alios
857 2785 965 2844 decern
980 2788 1113 2875 legatos
1107 2791 1144 2838 se

182 2873 250 2917 cum
275 2859 477 2922 adduxerunt.
507 2862 707 2925 meridianum
728 2872 849 2941 tempus
870 2873 944 2928 erat.
981 2867 1055 2928 nibil
1074 2860 1144 2955 prius

180 2941 332 3014 petierunt
350 2959 370 3002 a
391 2949 532 3016 praetore
558 2963 649 3020 qaam
673 2958 706 3008 ut
728 2949 834 3010 bibere
860 2950 918 3012 sibi
944 2951 1063 3012 iuberet
1083 2941 1143 3007 dari

181 3023 281 3098 epotis
310 3025 416 3099 primis
440 3029 560 3123 poculis
580 3030 687 3092 iterum
709 3042 936 3130 poposcerunt,
963 3049 1081 3133 magno·
1092 3027 1145 3088 list

180 3106 466 3168 circumstantium·
458 3127 488 3169 ιιι
503 3118 564 3170 tam
577 3115 707 3175 rudibus
722 3122 752 3174 et
764 3117 858 3176 moris
874 3117 974 3178 omnis
989 3116 1097 3193 ignaris
1110 3108 1144 3169 in·

179 3189 286 3263 geniis.
309 3197 372 3250 tum
386 3193 536 3255 maximus
551 3204 624 3256 natu
638 3213 677 3256 ex
691 3197 753 3271 ils,
757 3200 852 3272 ,missi
867 3207 996 3262 sumus“
1011 3197 1130 3276 inquil„
1132 3207 1146 3249 t

179 3281 269 3347 gente
281 3281 394 3348 nostra,
407 3276 459 3351 qui
471 3278 705 3354 sciscitaremur,
718 3297 780 3356 qua
790 3284 913 3344 mndem
923 3300 957 3344 re
968 3286 1065 3344 iretus
1074 3289 1149 3340 mn&

179 3355 269 3416 nobis
284 3357 444 3416 inlerrcs.⁴‘
465 3361 505 3420 ad
518 3360 597 3420 hanc
612 3365 891 3436 percunctationem
903 3366 1060 3428 Gracchus
1071 3373 1146 3424 exer

178 3435 240 3498 citu
255 3455 290 3499 se
306 3439 430 3514 egregio
445 3441 587 3503 fidentem
602 3447 727 3506 venisse
746 3451 923 3525 respondit,
946 3465 1040 3526 quern
1057 3443 1151 3520 silpst
