2328 3870
138 179 182 244 72
313 176 429 238 LIBER
442 175 503 236 XL.
527 174 610 236 CAP.
622 183 665 236 21.
678 182 721 234 22.
744 181 781 247 [a.
794 179 829 232 U.
840 195 865 233 c.
877 179 940 247 571]

135 351 203 395 rum
224 335 254 394 in
275 333 374 392 aleam
393 327 460 390 eius
482 328 534 403 qui
554 334 779 403 proponeretur
799 341 907 395 casum
927 333 956 389 et
970 323 1108 401 quonian

135 417 282 478 maiorem
297 415 392 476 lilium
407 428 513 474 secum
528 411 663 486 duceret,
677 411 826 471 minorem
838 409 879 470 ad
894 406 1033 471 subsidia
1045 409 1110 484 spei
1129 437 1130 442 κ

136 509 166 562 et
180 500 352 562 custodiam
365 495 452 572 regni
465 496 665 556 remissurum
680 495 711 554 in
725 492 935 554 Macedoniam
949 508 1031 554 esse.
1052 507 1110 554 noa

136 585 260 645 fallebat
272 578 458 644 Demetrium
471 577 606 654 ablegari
621 593 671 652 se,
686 593 725 638 na
739 577 865 638 adesset
879 575 1024 648 consilio,
1047 591 1110 636 oum
1130 602 1131 605 ¹

136 669 165 728 in
182 672 351 742 conspectu
370 666 510 724 locorum
532 662 755 735 consultarent,
776 675 838 734 qua
852 660 990 735 proxime
1007 657 1111 721 itinera

135 753 175 812 ad
203 765 287 810 mare
306 743 514 808 Hadriaticum
539 752 632 821 atqua
652 745 767 806 ltaliam
788 744 949 816 ducerent,
976 756 1111 817 quaeque

135 835 206 894 belli
226 831 303 892 ratio
325 836 410 891 esset
431 830 541 890 lutura.
570 829 709 890 sednon
729 829 830 888 solum
851 827 1021 902 parendum
1040 823 1112 902 patri

138 919 257 996 [tutum]
276 914 440 975 sedetiam
461 910 698 974 adsentiendum
712 918 791 984 erat,
812 925 851 970 ne
867 908 993 971 invitum
1009 923 1114 985 parere

135 999 346 1075 suspicionem
366 999 490 1058 laceret.
521 1003 674 1056 attamen
694 996 751 1055 iter
770 993 799 1056 ei
818 1001 913 1055 tutum
928 994 957 1054 in
972 992 1131 1075 ltlacedo·¹

135 1083 217 1142 niam
228 1087 321 1154 esset,
336 1081 432 1141 Didas
443 1095 484 1140 ex
494 1078 687 1154 pmetoribus
697 1079 790 1153 regiis
801 1095 890 1150 unus,
904 1075 1116 1152 quaaeontaa

136 1172 286 1243 praeerat,
301 1165 407 1226 iussus
422 1170 472 1224 est
485 1162 635 1239 prosequi
650 1178 720 1224 eum
734 1177 804 1222 cum
815 1161 937 1222 modico
949 1159 1115 1236 praesidio.

137 1251 218 1312 nmo
239 1263 366 1324 quoque
379 1246 527 1321 Perseus,
549 1243 630 1309 sicut
646 1248 815 1322 plerosque
830 1243 926 1320 patris
941 1244 1116 1316 arnicorun,

137 1349 177 1392 ex
192 1349 254 1408 quo
270 1331 353 1393 baud
367 1330 492 1390 dubium
508 1328 650 1405 cuiquam
662 1345 734 1392 esse
750 1336 905 1404 coeperat,
921 1328 961 1388 ad
972 1343 1067 1403 quem
1081 1327 1131 1386 ita

136 1416 280 1475 inclinato
308 1414 391 1488 regis
418 1413 518 1473 animo
544 1412 699 1474 hereditas
724 1413 811 1486 regni
836 1413 1017 1487 pertineret,
1045 1411 1118 1470 inter

138 1499 314 1558 coniuratos
334 1497 365 1556 in
380 1493 482 1558 tratris
503 1495 670 1570 perniciem
689 1494 804 1556 habuit.
833 1494 864 1556 in
880 1495 1058 1571 praesentia
1072 1494 1119 1554 dat

136 1582 165 1641 ci
179 1580 331 1655 mandata,
346 1586 380 1640 ut
393 1594 449 1655 pcr
463 1594 554 1640 omne
566 1578 746 1654 obsequium
762 1577 928 1640 insinuaret
938 1594 974 1639 se
985 1577 1018 1638 in
1032 1592 1136 1660 quam:

137 1665 270 1724 maxime
285 1663 463 1724 familiarem
477 1679 577 1737 usum,
592 1671 627 1723 ut
639 1661 751 1724 elicere
765 1663 867 1724 omnia
881 1678 995 1724 arcana
1010 1677 1118 1738 specu-

136 1746 256 1822 larique
280 1747 401 1808 abditos
426 1746 492 1809 cius
517 1762 630 1808 sensus
655 1755 772 1822 possct.
805 1745 847 1806 ita
870 1745 1043 1821 digreditur
1066 1745 1140 1816 lle¹

136 1830 262 1892 mettius
277 1847 347 1892 curn
361 1829 570 1892 infestioribus
586 1846 678 1906 quam
693 1831 720 1891 si
735 1830 821 1892 solus
836 1830 893 1890 iret
907 1827 1086 1905 praesidiis.

220 1915 311 1976 XXll.
332 1913 492 1990 Philippus
506 1914 676 1976 Maedicam
689 1912 835 1990 primum,
858 1913 970 1974 deinde
984 1911 1122 1974 solitudi-

104 2051 106 2056 .
138 2014 195 2058 nes
223 1998 437 2060 interiacentes
461 1996 621 2058 Maedicae
646 2005 739 2073 atque
762 1997 878 2058 Haemo
907 2005 1125 2071 transgressus

138 2081 277 2155 septimis
299 2082 421 2140 demunt
443 2081 551 2140 eastris
572 2081 613 2140 ad
627 2081 748 2142 radices
771 2079 884 2142 montis
898 2080 1051 2155 pervenit.
1084 2077 1125 2138 ibi

138 2178 232 2223 unum
254 2167 390 2224 moratus
413 2160 494 2222 diem
513 2163 553 2222 ad
568 2161 749 2237 deligendos
770 2180 848 2239 quos
863 2164 990 2225 duceret
1005 2178 1125 2235 secum,

136 2243 225 2306 tertio
241 2243 292 2304 die
306 2245 363 2304 iter
378 2251 426 2304 est
438 2245 609 2319 ingressus.
633 2247 775 2308 modicus
789 2246 888 2323 primo
902 2248 991 2310 labor
1006 2248 1038 2307 in
1056 2247 1127 2307 iniis

138 2325 340 2388 collibusiuit.
364 2333 508 2402 quantum
519 2326 551 2388 in
562 2327 751 2390 altitudinem
763 2331 1008 2405 egrediebantur,
1025 2328 1127 2404 magis

137 2410 298 2486 magisque
323 2410 476 2470 silvestria
497 2417 528 2472 ct
547 2411 695 2487 pleraque
720 2413 802 2474 invia
822 2414 892 2475 loca
911 2413 1127 2489 excipiebant=

137 2509 308 2570 pervenere
329 2493 442 2554 deinde
462 2495 493 2554 in
514 2501 575 2556 tam
597 2510 728 2569 opacum
743 2497 815 2571 iter,
836 2506 870 2559 ut
883 2513 958 2573 prae
972 2498 1129 2558 densitate

137 2579 281 2640 arborum
302 2578 571 2654 immissorumque
592 2579 719 2641 aliorum
739 2579 770 2640 in
785 2580 863 2643 alios
882 2597 1039 2642 tantorum
1055 2596 1128 2656 per·

138 2663 216 2737 spici
238 2664 355 2724 caelum
375 2662 427 2722 vix
443 2669 560 2738 posset.
588 2669 622 2723 ut
636 2678 709 2726 vero
725 2664 804 2739 iugis
819 2662 1131 2740 appropinquabant,

137 2747 221 2820 quod
236 2761 338 2806 rarum
353 2745 383 2806 in
397 2747 466 2807 altis
481 2747 558 2808 locis
573 2753 629 2820 est,
645 2747 723 2808 adeo
736 2747 838 2810 omnia
849 2754 989 2810 contecta
999 2747 1129 2821 nebula,

136 2833 170 2888 ut
183 2827 266 2888 baud
281 2844 373 2890 secus
390 2846 482 2903 quarn
497 2836 646 2892 nocturno
661 2829 769 2892 itinera
781 2831 1010 2906 impedirentur.
1033 2829 1129 2892 tertio

138 2911 259 2971 dentum
280 2909 331 2971 die
356 2911 394 2972 ad
414 2913 559 2974 vorticem
580 2920 770 2988 perventum.
803 2913 877 2974 nihil
897 2916 1042 2990 vulgatae
1057 2915 1129 2990 opi·

137 2993 222 3054 nioni
237 2993 377 3070 degressi
392 2993 465 3055 inde
479 2996 690 3072 detraxerunt,
706 2998 804 3072 satagis
820 2998 930 3070 credo,
947 3015 986 3060 na
1000 2999 1134 3058 vanitas

137 3076 251 3138 itineris
275 3077 405 3139 ludibrio
421 3087 519 3153 esset,
542 3096 633 3155 quarn
649 3081 733 3156 quod
748 3081 871 3142 diversa
885 3082 962 3142 inter
976 3097 1012 3142 se
1027 3082 1132 3142 maria

138 3168 320 3238 montesque
343 3168 371 3222 ct
392 3179 497 3224 amnes
514 3178 553 3223 ex
565 3180 627 3224 uno
643 3164 712 3226 loco
727 3164 868 3239 conspici
882 3165 1047 3240 potuerint.
1071 3180 1131 3226 ve·

136 3243 200 3304 xati
216 3261 332 3319 omnes,
347 3249 462 3308 etanta
476 3245 710 3322 aliosrexipse,
727 3264 789 3324 quo
802 3249 926 3323 gravior
936 3256 1037 3310 aetate
1048 3256 1136 3322 erat,

137 3326 314 3391 difficultate
333 3330 402 3390 viae
423 3336 479 3390 est.
513 3329 633 3391 duabus
655 3330 716 3392 aris
731 3331 773 3392 ibi
786 3332 851 3392 lovi
866 3338 897 3392 ct
911 3331 976 3393 Soli
992 3331 1133 3393 sacratis

138 3423 205 3470 cum
220 3411 417 3490 immolasset,
434 3429 495 3490 qua
508 3411 610 3478 triduo
624 3414 813 3492 ascenderat,
828 3415 923 3478 biduo
936 3424 984 3478 cst
995 3416 1134 3490 degree·-
