2364 3862
167 245 229 312 164
328 242 443 303 LIBER
457 239 545 299 XLII.
568 236 766 297 cAP.41.4a
789 238 826 304 [a.
837 235 873 288 U.
884 228 985 298 abbi]
1004 285 1007 292 ,

166 399 244 458 haec
264 395 387 470 quidem
408 390 480 450 mihi
502 395 658 462 tamquam
676 398 801 444 causam
823 377 937 440 dicenti
957 391 1009 436 reo
1024 372 1127 433 obiecta

168 487 253 543 sunt:
283 479 335 539 illa
349 485 505 549 tamquam
518 471 599 545 regi,
615 476 646 528 et
660 483 741 543 quae
762 467 800 524 de
816 463 959 534 loedere,
977 457 1057 533 quod
1069 455 1128 514 mihi

169 574 218 626 est
234 563 402 633 vobiscum,
419 556 673 631 disceptationem
687 550 828 609 habeant.
847 562 918 606 nani
934 544 962 606 si
979 548 1025 601 est
1037 540 1065 599 in
1078 541 1128 598 loe·

169 651 243 709 dere
258 649 300 707 ita
315 644 476 718 scriptum,
493 647 526 701 ut
547 655 586 698 ne
608 637 635 696 si
657 635 769 694 bellum
792 630 916 708 quidem
939 627 1008 701 quis
1029 624 1127 690 inierat
1168 607 1170 714 J

169 731 245 794 tueri
259 745 308 789 me
322 739 511 802 regnumque
521 738 622 783 meum
633 721 730 793 liceat,
742 715 815 777 mihi
828 713 984 774 latendum
997 715 1050 780 esl,
1062 705 1129 780 quod
1168 717 1170 746 ³

170 832 218 875 me
234 811 326 873 armis
341 811 492 870 adversus
505 804 686 880 Abrupolim
701 801 819 862 socium
834 795 943 874 populi
956 791 1078 855 Romani
1088 789 1128 849 de·
1168 783 1170 830 l

171 897 333 966 leoderim,
350 895 461 954 loedus
475 891 620 950 violatum
639 902 720 946 esse.
749 884 798 944 sin
810 889 911 943 autem
922 879 984 938 hoc
996 874 1130 936 etexloe-

170 983 243 1042 dere
259 979 357 1050 licuit,
374 984 404 1037 et
416 977 482 1035 iure
498 973 631 1049 gentium
647 971 688 1031 ita
708 973 917 1043 comparatum
940 966 1002 1033 est,
1022 966 1053 1018 ut
1064 969 1130 1016 arna

171 1065 401 1141 propulsentur,
420 1059 495 1135 quid
510 1057 632 1118 tandem
646 1069 695 1113 me
709 1054 812 1113 lacere
829 1047 949 1122 decuit,
965 1057 1034 1105 cum
1047 1040 1130 1101 nuru

175 1149 255 1226 polis
270 1148 348 1207 fines
363 1145 422 1204 mei
436 1143 522 1218 regni
536 1155 638 1215 usque
652 1139 690 1198 ad
706 1131 916 1210 Amphipolim
932 1127 1129 1206 pervaslasset
1169 1149 1170 1152 ¹

171 1233 264 1292 mulla
278 1231 374 1290 libera
387 1228 497 1302 capita,
511 1240 651 1299 magnam
666 1221 726 1281 vim
742 1217 975 1292 mancipiorum,
990 1209 1078 1270 multa
1089 1204 1130 1264 ni·
1168 1153 1170 1276 Ξ

174 1317 214 1374 lia
235 1329 381 1390 pecorum
407 1310 584 1384 abegisset?
622 1305 812 1381 quiescerem
834 1308 866 1360 et
893 1306 1030 1375 paterer,
1050 1293 1130 1351 donec

173 1399 285 1456 Pellam
298 1404 327 1454 et
340 1396 370 1453 in
386 1393 501 1467 regiam
516 1406 613 1450 meam
628 1395 762 1448 armatus
780 1383 999 1461 pervenissem
1027 1371 1129 1436 atenim

173 1481 252 1539 bello
274 1478 398 1551 quidem
412 1476 491 1535 iusto
508 1490 575 1534 sum
591 1479 786 1547 persecutuS,
809 1469 866 1528 sed
881 1465 965 1526 vinci
977 1478 1036 1524 nou
1055 1471 1129 1532 opor·

173 1562 227 1621 tuit
240 1576 325 1633 eum,
341 1573 443 1632 neque
457 1557 517 1616 alia
539 1571 619 1632 quae
639 1555 727 1614 victis
748 1553 892 1612 accidunt
911 1548 995 1624 pati;
1024 1552 1130 1618 quorum

173 1659 277 1705 casum
295 1659 364 1703 cum
379 1657 437 1717 ego
453 1639 612 1712 subierim,
628 1639 680 1713 qui
695 1653 764 1698 sum
779 1635 871 1695 armis
887 1630 1057 1700 lacessitus,
1071 1619 1129 1698 quid

174 1734 275 1804 potest
288 1727 374 1802 queri
395 1724 453 1786 sibi
481 1724 649 1796 accidisse,
680 1722 732 1797 qui
762 1735 858 1780 causa
886 1716 960 1776 belli
992 1713 1061 1771 luitl
1083 1719 1129 1764 non

174 1829 240 1872 .um
269 1811 379 1871 ecdem
411 1809 504 1869 modo
533 1808 731 1879 defensurus,
759 1802 904 1876 Romani,
943 1797 1027 1876 quod
1056 1789 1130 1851 Dolo·

172 1912 229 1971 pas
245 1895 337 1954 armis
352 1892 554 1966 coercuerim,
571 1891 657 1966 quia,
677 1888 734 1950 elsi
750 1903 811 1946 non
826 1885 934 1945 merito
951 1893 1067 1950 eorum,
1080 1873 1131 1932 iure

175 1980 233 2038 leci
249 1993 333 2050 meo,
357 1993 424 2037 cum
444 1976 503 2035 mei
524 1975 624 2049 regni,
645 1989 733 2033 meae
752 1970 883 2029 dicionis
904 1971 1024 2037 essent,
1045 1963 1129 2016 veslffl

175 2062 297 2120 decreto
315 2061 392 2134 patri
408 2057 538 2119 attributi
556 2073 634 2116 meo.
663 2073 736 2128 nec,
757 2055 783 2114 si
806 2068 902 2113 causa
924 2043 1078 2112 reddenda
1094 2037 1129 2106 sit

175 2159 235 2202 non
252 2143 341 2202 vobis
356 2157 413 2201 nec
429 2140 609 2212 foederatis,
632 2139 688 2198 sed
707 2140 761 2209 iis,
785 2138 837 2214 qui
859 2150 898 2195 ne
913 2137 945 2194 in
960 2143 1065 2194 servos
1079 2119 1129 2196 qui-

176 2226 245 2284 dem
260 2240 356 2283 saeva
370 2231 461 2298 atque
477 2223 588 2282 iniusta
603 2222 731 2298 imperia
746 2219 894 2296 probant,
918 2221 989 2294 plus
1004 2208 1130 2284 aequori

175 2305 255 2367 bono
271 2307 411 2366 saevisse
425 2306 455 2366 in
470 2321 526 2366 eos
543 2307 641 2366 videri
662 2321 806 2381 possum:
835 2303 954 2378 quippe
973 2294 1130 2371 Euphrano·
1168 2267 1170 2352 l

172 2405 237 2474 rem
256 2391 444 2463 praelectum
459 2406 479 2449 a
492 2405 540 2448 me
555 2388 731 2465 impositum
751 2389 793 2447 ita
813 2387 1007 2456 occiderunt,
1020 2384 1052 2438 ut
1063 2383 1129 2432 mors
1167 2353 1170 2418 1

174 2487 341 2548 poenarum
356 2474 422 2534 eius
437 2473 593 2533 levissima
608 2473 705 2532 luerit.
739 2471 826 2531 XLll.
848 2478 965 2529 alcum
982 2453 1131 2542 processis·
1167 2445 1170 2526 ,l

172 2572 236 2652 sem
252 2557 323 2616 inde
339 2557 380 2616 ad
392 2558 537 2618 visendas
549 2557 685 2617 Larisam
700 2562 730 2614 et
742 2556 882 2614 Antrona
894 2559 925 2612 et
938 2551 1068 2614 Pteleon,
1081 2548 1130 2612 ull
1168 2539 1170 2616 l

172 2656 201 2697 ¹1¹
220 2641 393 2716 propinquo
415 2643 509 2702 multo
532 2648 602 2700 ante
624 2639 726 2699 debita
741 2645 813 2697 vota
834 2636 1055 2712 persolverem,
1075 2618 1130 2681 liel-

172 2721 251 2795 phos
266 2724 461 2785 sacrificandi
476 2739 571 2784 cansa
585 2722 720 2783 essendi.
750 2721 842 2781 ethis
863 2717 1001 2778 criminis
1017 2699 1130 2783 augendi
1169 2701 1170 2774 ᾗ

171 2817 280 2876 causa,
297 2821 367 2866 eum
381 2807 518 2867 exercitu
531 2820 580 2863 me
596 2806 662 2865 isse
678 2805 819 2865 adicitur:
855 2803 975 2862 scilicet
994 2805 1040 2869 ut,
1061 2781 1129 2866 quod
1169 2813 1170 2816 =

173 2899 253 2942 nunc
267 2901 326 2946 vos
342 2891 444 2949 lacere
466 2903 592 2963 queror,
613 2886 706 2946 urbes
728 2902 928 2963 occuparem,
951 2880 1069 2944 arcibus
1087 2871 1129 2928 im·

173 2980 320 3038 ponerem
338 2971 502 3045 praesidia.
530 2976 640 3031 vocate
652 2971 682 3029 in
704 2971 866 3032 concilium
883 2969 1029 3030 Graeciae
1043 2955 1129 3019 civita·

171 3055 233 3140 lis,
251 3063 308 3142 per
324 3069 402 3127 quas
418 3055 474 3115 iter
489 3053 563 3126 leci,
587 3059 732 3128 queratur
753 3052 960 3128 unusquilibet
974 3044 1070 3111 militis
1083 3030 1129 3096 mli

170 3143 328 3226 rnrunarn:
344 3152 407 3196 non
421 3138 572 3198 recusabo
589 3137 661 3212 quin
676 3137 817 3198 simulato
830 3137 984 3197 sacrificio
998 3125 1074 3192 aliud
1087 3131 1128 3195 pe·

170 3217 244 3268 trsse
259 3215 379 3277 videar.
404 3222 522 3282 Aetolis
545 3229 574 3281 et
593 3221 751 3297 Byzantiis
772 3220 928 3297 praesidia
950 3217 1093 3278 misimus,
1107 3201 1130 3256 θῑ

168 3307 237 3351 cum
250 3293 379 3363 Boeotis
394 3304 553 3365 amicitiam
568 3305 706 3366 lecimus.
728 3305 806 3364 haec
822 3304 1052 3380 qualiacumque
1064 3288 1128 3349 suli

169 3389 224 3446 ller
243 3376 363 3452 legattos
378 3404 464 3450 meos
479 3407 540 3450 non
555 3390 656 3451 solum
670 3389 804 3448 indicata
818 3388 875 3447 sed
897 3387 987 3446 etlam
1001 3372 1129 3441 encuslla

170 3464 240 3514 Μ
254 3476 352 3540 saepe
364 3471 395 3530 ln
411 3480 518 3534 senatu
537 3479 657 3547 vestro,
672 3473 725 3533 ubi
746 3471 868 3546 aliquos
883 3486 942 3546 ego
964 3458 1128 3535 disceptato·

1168 2205 1170 2262 l
