2328 3870
172 201 232 264 llo
310 210 319 227 ·
332 201 448 262 LIBER
461 201 549 260 xLll.
573 201 656 261 cnr.
670 209 711 261 12.
725 209 768 260 1³.
791 207 827 274 [a.
842 205 874 257 υ.
887 223 910 258 c.
924 205 987 272 580]

168 357 257 430 bere,
279 363 311 416 ut
326 354 460 416 extemis
477 369 538 413 non
553 359 652 427 egeat.
681 352 802 426 triginta
816 350 898 410 milia
914 349 1049 426 peditum
1067 350 1152 427 quin

170 455 230 515 que
241 435 323 498 milia
335 436 478 513 equitem,
492 437 523 496 ln
534 436 642 496 decem
653 449 752 496 annos
764 436 945 496 frumentum
957 439 1152 510 praeparare
1163 478 1164 509 3

71 533 75 542 ·
167 530 202 583 ut
222 523 376 583 abstinere
396 523 426 581 et
446 536 504 581 suo
525 527 556 580 et
575 517 709 580 hostium
734 533 809 593 agre
832 515 1037 578 frumentandi
1060 524 1163 580 causi

168 605 277 683 possit
306 606 365 666 iam
387 604 549 680 pecuniam
569 609 683 664 unum
703 601 832 676 habere,
853 609 887 662 ut
906 601 1014 662 decem
1032 601 1163 662 milibus*

167 687 446 750 mercennariorum
468 687 594 747 militum
617 687 739 762 praeter
758 683 961 746 Macedoniam
977 685 1091 761 copias
1107 687 1163 746 sd

167 771 313 849 pendIum
334 772 364 831 in
386 771 511 832 totidem
532 784 630 831 annos
654 769 870 846 praeparatum
884 769 1008 843 habeat,
1031 777 1153 844 praeter

168 871 317 930 annuum,
339 855 423 930 quod
444 866 483 914 ex
504 855 634 915 metallis
648 853 742 928 regiis
758 854 873 928 capiat,
896 852 1038 927 vectigal.
1072 865 1155 916 arrae

166 941 215 998 vel
231 939 327 999 tribus
342 935 433 999 tantis
449 937 634 998 exercitibus
649 939 679 997 in
695 936 927 997 armamentaria
942 935 1153 1010 congessisse

167 1023 369 1093 iuventutem,
393 1025 427 1083 ut
443 1023 503 1082 iam
517 1021 699 1083 Macedonia
712 1019 851 1094 deficiat,
872 1019 956 1080 uelut
971 1033 1011 1078 ex
1026 1025 1109 1094 pere
1136 1058 1139 1071 ι

169 1108 252 1168 tonte
267 1106 350 1167 unde
363 1105 497 1180 hauriat,
518 1105 677 1166 Thraciam
691 1103 860 1165 subiectam
875 1117 956 1164 esse.
983 1103 1066 1162 Xlll.
1091 1121 1137 1162 ru

168 1203 263 1268 quum
287 1188 434 1252 orationis
455 1187 628 1250 adhortatio
650 1187 714 1249 luit.
746 1204 829 1262 „non
851 1203 909 1262 ego
931 1185 1030 1246 haec“
1056 1187 1153 1264 inqm

167 1273 313 1350 „incertis
327 1274 438 1335 iactata
451 1272 626 1334 rumoribus
641 1277 672 1333 et
686 1270 829 1347 cupidius
843 1271 967 1344 credita,
991 1268 1070 1345 quia
1087 1274 1155 1352 vert

167 1371 240 1419 esse
255 1357 295 1418 de
309 1357 431 1418 inimico
448 1355 574 1418 crimina
589 1357 745 1430 volebam,
768 1355 875 1415 adiero
897 1355 937 1414 ad
958 1370 1036 1428 vos,
1050 1360 1154 1429 patres

168 1440 348 1516 conscripti,
370 1439 428 1500 sed
443 1447 599 1515 comperta
614 1446 645 1500 et
659 1441 833 1516 explorata,
855 1438 936 1498 haud
951 1450 1048 1497 secus
1066 1451 1130 1514 qua
1153 1480 1159 1494 ,

167 1524 193 1583 si
216 1525 392 1598 speculator
417 1523 531 1584 missus
553 1540 572 1582 a
591 1523 682 1584 vobis
707 1523 845 1587 subiecta
872 1521 969 1582 oculis
988 1522 1154 1584 reterren'

166 1622 268 1682 neque
286 1606 393 1667 relicto
415 1622 510 1683 regno
524 1622 610 1679 mco,
631 1607 716 1683 quod
730 1609 864 1682 amplum
878 1613 908 1666 et
922 1605 1088 1679 egregium
1104 1623 1134 1664 v·
1150 1614 1154 1615 ⁷

167 1690 296 1765 lecistis,
318 1707 402 1752 mare
422 1697 536 1752 tantum
558 1691 763 1763 traiecissem,
785 1689 819 1750 ut
838 1704 918 1749 vana
939 1689 1053 1748 advos
1075 1691 1119 1750 ad

165 1775 262 1836 rendo
292 1773 384 1835 iidem
413 1776 594 1850 abrogarem
623 1775 712 1835 mihi:
753 1773 914 1834 cernebam
944 1772 1135 1833 nobilissim
1154 1798 1160 1805 ·’

166 1857 261 1920 Asiae
282 1864 312 1918 et
328 1858 474 1920 Graeciae
495 1859 632 1920 civitates
652 1858 683 1918 in
704 1856 771 1918 dies
786 1855 884 1934 magis
899 1856 1105 1917 denudantes

166 1942 247 2004 dicia
261 1958 327 2017 sua,
343 1959 425 2020 mcx,
441 1943 467 2004 si
483 1941 715 2019 permitteretur,
730 1957 768 2003 eo
783 1952 994 2016 processurae,
1011 1941 1104 2001 unde
1136 1978 1157 1991 ,

166 2035 287 2102 ceptum
309 2027 348 2086 ad
362 2028 581 2102 paenitendum
595 2043 656 2088 non
671 2022 835 2094 haberent;
856 2023 1023 2086 cernebam
1037 2023 1140 2083 Per
1157 2097 1159 2100 Ι

166 2124 229 2170 nou
250 2109 455 2171 continentem
476 2125 511 2170 se
525 2109 726 2192 Macedoniae
743 2109 855 2185 reg'nd,
876 2109 936 2170 alia
950 2107 1045 2171 arniis
1066 2113 1109 2172 o‘c
1136 2121 1149 2163 v3

166 2199 299 2267 pentem,
314 2193 382 2267 alia,
399 2209 479 2268 quae
495 2194 524 2254 vi
540 2193 640 2269 subigi
654 2211 716 2255 non
733 2201 872 2269 possunt,
889 2194 996 2254 lavore
1007 2208 1047 2255 ac
1062 2196 1122 2256 he

167 2275 301 2335 volentia
316 2278 587 2352 complectentem
607 2277 749 2338 videbam
761 2294 854 2354 quam
864 2277 963 2353 impar
973 2281 1065 2339 esset
1079 2293 1119 2340 so
1141 2324 1144 2329 -

166 2373 235 2417 cum
246 2356 297 2419 ille
311 2360 398 2420 vobis
410 2361 523 2423 bellum
534 2367 664 2438 pararet,
679 2377 737 2422 vos
749 2363 777 2422 ei
789 2377 929 2422 securam
940 2363 1055 2438 pacem
1068 2380 1112 2438 pr

165 2443 303 2518 staretis,
325 2458 510 2520 quamquam
531 2445 604 2505 mihi
625 2444 749 2522 quidem
769 2461 830 2506 non
845 2461 956 2520 parare
970 2446 1030 2506 sed
1046 2461 1123 2522 ger
1159 2508 1161 2511 ,

164 2539 264 2602 paene
281 2527 394 2588 beilum
414 2528 584 2590 videbatur.
616 2529 814 2605 Abrupolim,
836 2527 954 2589 socium
969 2535 1069 2604 atque
1085 2544 1104 2590 a
1140 2529 1163 2611 ᾗ

165 2625 234 2669 cum
254 2619 405 2688 vestrum,
426 2629 523 2689 regno
543 2613 673 2688 expulit=
695 2613 888 2674 Arietaurum
904 2613 1060 2690 illyrium,
1089 2629 1125 2689 qr
1143 2644 1162 2698 f,

164 2693 281 2770 scripta
295 2695 333 2755 ab
349 2712 387 2757 eo
400 2697 552 2771 quaedam
562 2697 652 2757 vobis
665 2695 821 2771 comperit,
838 2696 958 2766 socium
972 2695 1047 2756 item
1062 2705 1114 2774 αι,
1132 2730 1148 2751 a

164 2777 295 2838 amicum
309 2787 463 2853 vestrum,
485 2778 648 2840 interiecit:
670 2779 818 2839 Euersam
831 2785 862 2839 et
876 2777 1064 2840 Callicritum
1080 2777 1158 2840 Th

165 2858 276 2933 banos,
298 2861 454 2936 principes
472 2861 617 2934 civitatis,
639 2863 711 2938 quia
725 2861 853 2923 liberius
866 2863 1019 2923 adv'ersus
1034 2874 1118 2923 eum

165 2941 296 3001 concilio
317 2943 505 3005 Boeotorum
526 2945 618 3004 locuti
639 2946 772 3018 fuerant,
795 2946 1016 3021 delaturosque
1036 2947 1082 3006 ad
1100 2950 1149 3005 vl

163 3037 244 3098 quae
258 3034 421 3100 agerentur
434 3027 568 3103 professi
583 3035 676 3102 erant,
691 3029 844 3090 tollendos
856 3029 989 3090 curavit:
1003 3030 1108 3089 auxili
1118 3054 1158 3085 u..

160 3105 319 3184 Byzantiis
344 3109 496 3170 adversus
523 3111 633 3172 ioedus
658 3112 737 3185 tulit,
760 3111 1131 3186 Dolopiaebellumintul

161 3189 351 3252 Thessaliam
366 3199 397 3253 et
408 3193 554 3254 Doridem
570 3210 637 3255 cum
653 3193 790 3254 exercitu
802 3195 955 3270 pervasit,
974 3196 1052 3258 utin
1068 3196 1133 3256 be¹

161 3273 305 3337 intestino
335 3276 494 3337 deterioris
522 3279 618 3353 partis
648 3277 760 3339 auxilio
788 3278 1157 3352 meliorem³adfligereb

162 3355 300 3418 confudit
313 3365 344 3418 et
358 3357 480 3420 miscuit
494 3360 596 3422 omnia
610 3363 640 3421 in
656 3361 813 3422 Thessalia
826 3361 1074 3437 Perrhaebiaque
1095 3379 1137 3422 s·
1156 3390 1161 3409 2

161 3457 310 3502 novarum
334 3441 520 3520 tabularum,
549 3451 582 3504 ut
607 3461 700 3504 manu
728 3443 898 3506 debitorum
927 3446 1062 3507 obnoxia
1093 3448 1130 3506 si
1157 3478 1159 3487 ι
