2364 3862
72 147 173 208 tlelen
183 145 283 207 xtltt.
308 147 389 216 une,
402 157 446 211 rr.
459 157 501 210 ra.
517 155 559 211 rs.
580 155 921 225 [cunemannus]
950 152 1013 221 199.

48 301 140 366 Furius
151 301 250 361 Philus
263 311 294 362 et
309 299 340 363 C.
351 303 457 363 Livius
469 301 629 363 Salinator.
647 305 679 362 in
689 303 790 364 locum
798 303 1010 368 Funisulan-

49 388 108 447 lium
117 387 310 461 Torquatum,
330 387 358 444 in
369 385 447 445 Livii
457 385 498 444 Μ.
510 384 672 448 Servilium
688 387 851 462 pontifices
863 390 1010 463 legerunt.

115 469 174 528 ΧΠ,
201 468 357 545 Principio
378 469 577 544 insequentis·
589 471 662 530 anni
682 485 751 531 cum
771 472 918 534 consules
939 474 1011 534 novi

47 553 74 626 0.
93 551 220 614 Marcius
246 561 279 614 et
305 554 356 613 cn.
383 551 531 612 Servilius
556 554 596 613 de
622 551 790 629 provinciis
814 556 1011 630 rettulissent,

45 629 127 710 ‘primo
142 650 270 711 quoque
285 643 425 712 tempore
436 643 489 696 aut
499 652 679 712 comparare
692 654 748 699 eos
758 639 838 699 inter
847 655 883 700 se
895 639 1011 702 llellatn

47 718 283 780 ctllacedoniam
301 729 353 781 aut
367 720 468 781 sortiri
482 721 612 796 placuit:
627 722 807 798 priusquam
818 722 851 783 id
862 737 933 784 sors
945 739 1010 787 cer·

47 810 126 876 neret,
146 805 175 861 in
197 802 367 877 incertum,
392 819 432 864 ne
454 805 528 879 quid
548 806 646 878 gratie
665 805 809 867 momenti
825 807 953 880 taceret,
979 807 1010 870 in

47 895 185 960 atramque
206 887 402 962 provinciam
427 888 512 962 quod
532 904 584 948 res
599 889 791 950 desideraret
804 891 1010 966 supplementi

11 1033 12 1057 χ
46 968 159 1028 decerni.
182 971 214 1030 in
234 971 451 1031 Macedoniarn
473 971 608 1046 peditum
622 973 833 1035 Romanorum
847 989 905 1034 sex
918 973 1009 1046 milla,

10 1084 11 1099 ι
45 1053 178 1113 scciomm
194 1055 334 1116 nominis
350 1055 444 1114 Latini
459 1069 517 1114 sex
531 1056 629 1124 milia;
647 1057 767 1131 equites
781 1057 939 1118 Romanus
954 1057 1009 1117 du-

10 1190 11 1204 }
46 1143 133 1196 centos
155 1138 398 1214 quinquaginta,
430 1138 533 1199 socios
558 1145 723 1200 trecentos.
754 1145 876 1200 veteres
900 1139 1009 1200 milites

10 1225 11 1298 g
44 1218 142 1292 dimitti,
162 1221 205 1280 ita
220 1223 300 1283 utin
316 1222 454 1296 singulas
468 1223 624 1283 Romanas
638 1223 777 1298 legiones
792 1238 831 1282 ne
849 1223 919 1298 plus
935 1238 1012 1284 sena

9 1384 14 1604 l

10 1301 13 1357 ἶ
44 1299 110 1361 uilia
122 1305 276 1379 peditum,
301 1306 416 1366 treceni
431 1306 550 1382 equites
566 1313 680 1366 esseut.
709 1306 795 1368 alteri
810 1307 931 1368 consuli
945 1307 1011 1366 nul-

45 1383 82 1444 tus
95 1395 191 1448 certus
209 1390 317 1450 finitus
333 1405 478 1450 numerus
495 1389 606 1450 civium
620 1390 844 1463 Romanorum,
870 1405 962 1466 quem
978 1390 1010 1448 in

45 1472 278 1544 supplementum
293 1476 419 1548 legeret.
434 1473 466 1533 id
480 1473 573 1534 medo
588 1473 716 1547 finitum,
730 1483 764 1536 ut
777 1475 856 1534 duas
871 1473 1009 1550 legio-nes

47 1552 181 1630 scriberet,
199 1573 283 1644 quqe
301 1558 393 1633 quina
407 1555 490 1616 milia
505 1558 640 1632 pediturn
655 1566 685 1618 et
698 1558 836 1618 ducenos
852 1558 1009 1632 baberent,

47 1635 145 1709 equites
159 1647 316 1700 trecenos.
339 1641 517 1701 Latinorum
530 1641 627 1701 naaion
642 1659 735 1716 quern
750 1641 887 1715 collegae
902 1640 1009 1701 decre

47 1723 85 1778 tus
101 1737 259 1800 uumerus,
283 1722 421 1798 peditum
440 1724 546 1784 decem
566 1725 650 1784 milia
670 1732 700 1784 et
720 1724 859 1785 sexcenti
878 1723 1009 1798 equites.

48 1810 170 1874 quattuor
189 1807 354 1882 praeterea
373 1807 511 1881 legiones
534 1807 627 1868 scribi
648 1808 767 1879 iussae,
789 1823 885 1882 quae,
904 1807 932 1867 si
947 1821 1008 1880 quo

49 1896 111 1958 epus
131 1897 228 1966 esset,
251 1891 464 1951 educerentur.
493 1891 632 1951 tribunos
647 1891 684 1951 iis
701 1906 762 1951 non
778 1889 962 1964 permissum
977 1898 1011 1950 ut

49 1973 172 2032 consedes
187 1973 340 2034 lacerent}
362 1974 498 2049 populus
514 1972 636 2035 creavit.
659 1973 753 2035 sociis
769 1972 900 2034 neminis
912 1971 1010 2035 Latini

48 2053 183 2116 sexdecim
204 2058 290 2118 milia
309 2058 445 2133 peditum
466 2065 497 2117 et
516 2057 596 2117 mille
616 2058 736 2134 equites
751 2057 900 2132 imperati.
928 2056 1018 2118 hunc

51 2139 193 2201 exercitum
208 2141 313 2218 parari
330 2148 447 2202 tanturn
461 2141 584 2216 placuit,
598 2149 633 2204 ut
646 2141 752 2216 exiret,
768 2142 795 2202 si
810 2157 871 2216 quo
886 2155 938 2200 res
953 2155 1009 2215 po-

50 2229 138 2282 sceret.
158 2223 343 2287 Macedonia
363 2225 494 2285 maxime
516 2241 618 2284 curem
634 2225 809 2301 praebebat.
831 2225 862 2284 in
878 2226 1010 2286 classem

51 2301 113 2363 nllle
125 2309 199 2369 socii
215 2310 343 2370 navales
360 2309 443 2368 cives
458 2309 588 2368 Romani
602 2307 731 2370 libertini
748 2308 874 2382 ordinis,
897 2324 936 2368 ex
951 2309 1009 2366 ltn—
1109 2315 1111 2320 ’

50 2381 81 2442 lia
93 2390 243 2467 quingenti
259 2393 351 2454 scribi
366 2393 459 2466 iussi,
479 2392 604 2453 totidem
618 2399 705 2454 ulex
720 2391 825 2454 Sicilia
839 2391 1006 2454 scriberen-

50 2471 98 2544 tur,
120 2482 148 2534 et
168 2480 218 2539 cui
239 2493 276 2536 ea
299 2477 457 2552 provincie
477 2475 646 2549 evenisset,
672 2477 846 2538 mandatum
861 2481 894 2535 ut
908 2488 963 2534 ecs
979 2474 1009 2532 in

52 2546 257 2636 Macedoniam,
280 2560 463 2635 ubicumque
484 2558 594 2620 clussis
610 2567 709 2633 esset,
730 2557 940 2634 deportandos
955 2572 1008 2616 cu·

50 2643 121 2698 taret.
151 2643 180 2703 in
200 2644 383 2720 Hispaniam
401 2645 459 2704 tria
479 2642 561 2703 milia
584 2643 721 2719 pediturn
745 2643 953 2724 Romanorum
978 2640 1009 2698 in

53 2725 284 2809 supptementum,
299 2729 425 2792 trecenti
440 2726 559 2802 equites
575 2727 699 2788 decreti.
715 2725 817 2786 linitus
830 2722 871 2784 ibi
883 2739 1010 2799 quoque

52 2813 74 2858 u
86 2803 212 2881 legiones
228 2811 354 2871 militum
369 2813 522 2882 nulnerus,
540 2812 676 2885 pediturn
692 2810 785 2885 quina
795 2807 876 2868 milia
888 2807 1009 2880 duceni,

52 2891 76 2977 tt
85 2893 188 2954 treceni
203 2895 332 2970 equites.
355 2901 386 2954 et
406 2895 499 2958 sociis
513 2894 664 2970 imperare
679 2900 812 2969 praetor,
833 2892 883 2954 cui
897 2891 1009 2966 Hispa·

61 2981 92 3028 na
103 2975 281 3052 obvenisset,
296 2977 402 3036 iussus
419 2984 561 3054 quattuor
572 2978 653 3038 milla
665 2978 799 3053 peditum
814 2983 844 3038 et
855 2983 1009 3038 trecentos

53 3054 160 3126 equites.
346 3059 348 3064 '
840 3081 842 3088 ¹

119 3141 190 3204 Xlll.
218 3141 284 3207 illan
308 3161 376 3206 sum
397 3145 520 3206 nescius
535 3143 574 3204 ab
589 3144 697 3206 eadem
714 3143 920 3220 neglegentia,
947 3159 1009 3218 qua

54 3217 111 3310 lihil
129 3225 201 3291 deos
222 3230 408 3304 portendere
428 3230 520 3304 vulgo
535 3243 616 3289 nunc
631 3229 770 3302 credant,
791 3233 915 3302 [neque]
932 3242 1010 3285 nun·

54 3303 107 3364 tran
119 3311 278 3374 admodum
293 3313 375 3373 nulla
390 3312 530 3387 prodigia
544 3311 574 3371 in
591 3311 744 3386 publicum
760 3327 860 3386 neque
872 3311 901 3368 in
915 3325 1010 3368 anna·-

56 3378 90 3444 les
101 3395 205 3456 reterri.
233 3404 366 3458 ceterum
387 3404 417 3456 et
438 3395 508 3456 milri
523 3401 659 3456 vetustas
674 3411 726 3456 res
742 3393 886 3455 scribenti
902 3390 1009 3452 nes-clo
