2364 3862
173 228 238 292 ato
373 225 488 288 trena
503 227 606 286 xmv.
628 227 710 286 ena.
724 234 768 288 aa.
790 231 872 300 [en.
885 225 980 293 eset]

174 378 257 455 quod
274 375 374 438 minus
390 383 543 438 trecentos
559 392 673 451 passus
687 377 807 451 aberat,
831 376 933 450 iussit,
949 381 979 436 et
997 375 1027 434 in
1047 375 1132 434 littore

173 463 251 523 alios
277 461 349 522 alibi
373 459 504 521 modicis
529 460 696 520 intervallis
723 461 839 522 rodere.
873 467 991 522 montes
1016 457 1134 534 ingentis

172 544 340 606 altitudinis
362 559 449 618 spem
464 543 630 619 iaciebant,
656 559 694 604 eo
708 544 806 619 magis
822 544 1007 619 quianullus
1023 549 1134 618 apertos

172 633 354 704 evergetem
364 628 458 702 rivos,
470 627 609 689 occultos
620 627 776 688 continere
786 628 902 702 latices,
915 642 1043 701 quorum
1049 639 1136 686 venae

172 713 203 773 in
228 727 312 772 mare
337 716 552 786 permanantes
576 711 678 772 undae
701 712 911 772 miscerentur.
938 710 992 770 vix
1017 711 1136 770 deducta

172 811 292 858 summa
312 809 407 856 crena
428 800 509 869 erat,
531 810 599 855 oum
621 794 824 870 scaturigines
845 794 985 855 turbidae
1006 793 1099 869 pn'mo
1112 798 1137 851 et

171 886 280 939 tenues
295 878 437 951 emicare,
452 877 523 937 dein
538 877 684 952 liquidam
699 879 886 954 multamque
898 877 1028 938 tundere
1039 892 1138 952 aquam

171 963 256 1022 velut
276 961 368 1021 deum
391 961 474 1021 dono
497 967 675 1036 coeperunt
702 960 886 1037 aliquantum
906 977 943 1021 ca
958 976 1083 1037 quoque
1095 975 1137 1018 res

172 1045 243 1106 duci
265 1045 364 1105 lamae
384 1050 414 1106 et
435 1045 622 1106 auctoritatis
643 1045 726 1120 apud
740 1044 850 1106 milites
864 1044 964 1105 adicit.
986 1043 1082 1105 iussis
1095 1043 1138 1102 de-

171 1129 244 1189 inde
257 1127 403 1190 militibus
415 1128 563 1202 expedire
574 1144 666 1202 anna,
681 1128 750 1204 ipse
761 1144 830 1189 cum
840 1127 968 1190 tribunis
981 1127 1139 1202 primisque

174 1211 332 1274 ordinibus
353 1212 393 1274 ad
414 1211 670 1288 contemplandos
689 1211 833 1272 transitus
847 1218 1077 1288 estpropressus
1089 1225 1139 1286 quc

173 1297 345 1360 descensus
360 1295 458 1356 lacilis
471 1296 604 1370 armatis,
621 1310 682 1371 (lua
691 1295 722 1354 in
733 1295 906 1357 ulteriorem
917 1294 1018 1371 ripam
1029 1294 1140 1354 minine

172 1380 295 1457 iniquus
316 1395 467 1440 ascensus
489 1386 580 1440 esset.
597 1378 654 1440 ·his
675 1378 749 1439 satis
771 1378 938 1454 exploratis
958 1378 1010 1438 illa
1026 1393 1140 1454 quoque

171 1465 318 1540 primum,
340 1468 373 1523 ut
392 1462 500 1524 ordine
522 1478 559 1523 ec
580 1462 648 1523 sine
668 1463 796 1523 tumultu
812 1463 915 1523 omnia
928 1463 957 1521 in
974 1462 1094 1538 agmine
1107 1461 1139 1520 ad

171 1553 277 1608 nutum
298 1547 521 1621 imperiumque
542 1546 630 1607 ducis
644 1546 760 1621 nerent,
776 1546 918 1622 providit
940 1546 992 1606 ubi
1009 1545 1139 1606 omnibus

122 1683 125 1714 3
172 1631 261 1692 simul
273 1629 519 1706 pronuntiaretur
532 1630 616 1704 quod
627 1630 714 1690 lieret
714 1645 835 1706 neque
843 1643 950 1691 omnes
960 1629 1139 1700 exaudirent

171 1715 286 1776 incerto
302 1714 430 1789 imperio
451 1721 579 1788 accepto
596 1714 688 1788 alios,
714 1713 752 1774 ab
768 1729 803 1774 se
818 1713 1001 1787 adicientes,
1027 1715 1095 1790 plus
1109 1726 1140 1770 eo

174 1801 256 1873 quod
272 1797 452 1895 imperatum
466 1796 514 1870 sit,
531 1798 608 1858 alios
623 1796 723 1858 minus
739 1798 855 1868 lacere;
872 1799 1024 1858 clamores
1040 1795 1142 1857 deinde

174 1882 318 1943 dissonos
334 1881 405 1942 on‘ri
421 1881 561 1942 omnibus
574 1881 662 1954 locis,
677 1887 708 1940 et
720 1880 807 1956 prius
822 1880 928 1942 hostes
944 1896 1039 1956 quam
1053 1859 1179 1974 ipsos,¹

172 1965 247 2040 quid
262 1972 394 2041 paretur,
410 1965 501 2026 scire.
515 1963 901 2039 placereigiturtribunum
913 1962 1140 2059 militumprimo
1177 1975 1179 2044 t

170 2047 234 2124 pilo
249 2047 379 2124 legionis
394 2055 545 2110 secretum
563 2046 678 2108 edere'
669 2047 845 2124 imperium3
867 2046 951 2107 illum
962 2055 993 2109 et
1005 2046 1111 2107 dein
1088 2063 1141 2106 sn.

171 2132 261 2207 gulos
281 2131 422 2206 proximo
443 2131 554 2206 cuique
575 2130 605 2189 in
623 2131 731 2190 ordine
746 2129 914 2193 centurioni
930 2131 1050 2203 dicere,
1078 2129 1143 2205 quid

172 2229 252 2289 opus
267 2215 347 2273 lacto
363 2213 411 2286 sit,
427 2213 494 2273 sive
508 2230 527 2272 a
542 2213 645 2286 primis
658 2214 754 2289 signis
767 2215 806 2275 ad
817 2213 1020 2276 novissimum
1031 2229 1144 2290 agmen
1178 2211 1179 2218 ’

173 2297 238 2356 sive
258 2296 296 2356 ab
318 2295 462 2357 extremis
482 2296 522 2356 ad
544 2296 658 2370 primos
680 2299 926 2396 perferendum'
917 2298 1082 2373 imperium
1102 2297 1143 2356 sit.

172 2380 277 2455 vigiles
297 2378 388 2441 etiam
408 2395 490 2472 novo
511 2395 596 2440 more
617 2383 760 2442 scutum
751 2399 782 2440 rn
796 2382 929 2456 vigiliam
943 2382 1025 2441 terre
1039 2380 1144 2441 vetuit·

169 2479 230 2524 non
248 2463 372 2524 enimin
387 2451 521 2541 pugn'am
535 2462 678 2562 vigilem
671 2481 724 2540 rre,
744 2471 778 2525 ut
792 2464 884 2525 armis
898 2469 1015 2540 utatur,
1035 2464 1097 2524 sed
1111 2465 1145 2522 ad

172 2547 370 2624 vigilandum,
391 2555 424 2610 ut
438 2563 506 2610 cum
526 2547 658 2610 senserit
672 2548 803 2610 hostium
818 2549 998 2622 adventurn,
1021 2547 1147 2622 recipiat
1177 2575 1179 2582 ⁴

170 2647 205 2691 sc
226 2632 400 2706 excitetque
419 2632 460 2692 ad
480 2648 564 2694 arma
584 2633 670 2694 alios.
700 2639 787 2693 scuto
808 2647 882 2706 prae
898 2648 933 2692 sc
948 2637 1052 2692 erecto
1069 2639 1147 2691 stare

170 2717 324 2789 galeatum
347 2715 457 2776 deinde
470 2715 524 2776 ubi
538 2715 614 2778 lessi
628 2716 696 2790 sint,
711 2713 834 2776 innixos
849 2715 921 2791 pile,
938 2715 1040 2790 capite
1054 2729 1147 2788 super

170 2798 336 2872 marginem
350 2799 429 2860 scuti
444 2797 556 2875 posito,
572 2797 692 2876 sopitos
707 2805 798 2873 stare,
813 2804 847 2858 ut
857 2797 1043 2874 fulgentibus
1055 2797 1146 2858 armis

170 2882 276 2954 procul
298 2881 436 2956 conspici
456 2881 494 2940 ab
512 2881 602 2943 hoste
624 2882 758 2958 possint,
780 2882 839 2958 ipsi
861 2882 935 2942 nihil
956 2881 1145 2958 provideant.

170 2962 332 3024 stationum
342 2979 588 3040 quoqucmorem
595 2966 727 3026 mutavit.
739 2966 970 3039 armatiomnes‚
984 2972 1015 3027 et
1022 2964 1147 3024 frenatis

170 3045 258 3120 equis
270 3046 398 3122 equites,
412 3047 491 3107 diem
503 3054 599 3111 toturn
609 3049 800 3125 perstabam:
821 3049 853 3110 id
865 3065 935 3110 cum
945 3049 1072 3111 aestivis
1085 3048 1148 3107 die·

169 3129 653 3208 busuremeadsiduosotefieret,
665 3132 859 3194 lothoramm
866 3139 954 3194 aestu
962 3139 992 3193 et
998 3133 1148 3210 languore

168 3212 256 3288 ipsos
269 3228 432 3290 equosque
443 3214 546 3278 lassos
557 3216 664 3290 integri
676 3232 772 3292 saepe
783 3217 881 3278 adorti
892 3216 999 3277 hostes
1010 3217 1059 3275 vel
1069 3230 1147 3288 pau·

137 3323 140 3332 ⁴
169 3295 195 3354 ci
208 3298 312 3370 plures
322 3297 483 3374 vexabant.
494 3296 1146 3375 itequcexmatutincstationcadmeridiem

168 3378 290 3452 decedi,
313 3387 343 3440 et
362 3380 392 3439 in
408 3383 675 3456 postmeridianam
689 3384 856 3444 succedere
876 3383 955 3444 alios
973 3381 1076 3442 iussitr
1106 3378 1149 3438 ita

169 3473 332 3536 numquam
354 3463 494 3538 fatigatos
515 3481 624 3524 recens
646 3465 744 3526 hostis
766 3465 893 3538 adgredi
916 3473 1043 3540 poterat
