2364 3862
181 219 292 281 LIBER
305 221 409 280 xttv.
432 221 513 280 cAP.
531 231 572 282 15.
589 230 630 284 ts.
654 229 691 296 [a.
705 229 736 279 c.
752 229 813 295 too]
918 221 982 284 223

2 419 3 444 p
29 371 60 430 ad
79 371 181 429 Persea
203 370 231 429 in
252 369 464 430 Macedoniam
485 370 621 445 misisse,
649 373 701 447 qui
722 373 749 432 ei
771 373 983 436 denuntiarent

27 453 134 514 Rhodiis
155 454 275 528 placere
297 469 404 529 pacem
430 469 499 512 cum
521 471 706 530 componere
732 472 798 517 cum
820 458 982 529 Romaniss

28 538 179 596 sellomam
197 539 305 597 eadem
320 539 488 598 nuntiatum
508 538 631 600 missos.
662 555 716 614 per
737 557 815 615 quos
838 541 981 616 stetisset,

28 635 76 696 quo
88 620 265 764 minusffelli
278 621 348 681 finis
359 621 453 694 lieret,
471 621 622 682 adversus
637 639 692 683 eos
709 623 782 699 quid
797 625 855 684 sibi
869 624 981 684 lacien-

27 705 84 763 dum
96 711 174 764 esset
214 704 327 764 hodios
343 707 591 766 consideraturos
608 723 689 767 esse.
712 723 749 766 nc
762 724 843 769 nunc
859 708 985 784 quidem

27 786 89 847 baec
101 787 163 848 sino
177 789 386 862 indignatione
401 789 459 863 legi
473 790 610 849 audirive
630 807 726 864 posse
743 800 856 853 certum
872 791 981 853 habeo.

25 871 82 930 inde
93 872 256 933 existimari
269 878 381 946 potest,
402 873 454 947 qui
469 871 590 934 habitus
606 875 773 935 animorum
789 875 984 936 audientibus

16 955 190 1029 'capatribus
205 954 305 1016 luerit.
336 957 402 1015 XV.
423 955 566 1016 Claudius
582 957 655 1016 nihil
670 973 854 1034 responsum
875 966 985 1019 auctor

24 1044 72 1097 esta
95 1045 207 1099 tantum
228 1046 354 1099 senatus
376 1040 547 1100 consultum
567 1043 740 1115 recitatum,
765 1061 826 1118 quo
842 1043 933 1103 Caras
952 1059 983 1104 ct

11 1120 115 1198 lycius
129 1123 244 1183 liberos
259 1138 332 1183 esse
345 1123 463 1183 iuberet
477 1125 611 1199 populus
625 1125 792 1198 Romanus,
805 1127 984 1200 litterasque

24 1207 407 1281 examinandumque
433 1215 553 1282 gentem
581 1207 674 1268 sciret
698 1207 862 1268 indicatum
889 1210 980 1279 mitti;

23 1305 69 1362 qua
78 1291 175 1350 audita
190 1305 224 1349 re
231 1290 400 1366 principem
412 1290 583 1366 legationis,
595 1291 682 1352 culus
694 1293 984 1367 magniloquentiam·

22 1371 61 1430 rix
78 1374 156 1434 curia
178 1376 273 1448 paulo
292 1382 362 1434 ante
378 1382 515 1448 ceperat,
540 1375 703 1436 corruisse.
733 1375 781 1435 alii
795 1391 979 1451 responsum

21 1469 76 1516 esse
91 1458 217 1518 tradunt
237 1459 386 1532 populum
407 1459 577 1518 Romanum
601 1466 631 1519 et
651 1458 801 1534 principio
822 1461 890 1520 eius
910 1460 977 1526 belli

20 1537 86 1600 baud
98 1542 188 1601 vanis
204 1542 381 1602 auctoribus
394 1549 581 1617 compertum
596 1541 743 1603 habuisse
757 1544 895 1604 Rhodios
911 1559 984 1603 cum
1056 1553 1061 1564 ·

18 1617 110 1686 Perseo
124 1641 202 1700 rege
217 1625 370 1686 adversus
383 1641 447 1686 rem
470 1625 623 1700 publicam
644 1643 731 1686 suam
746 1630 866 1687 occulta
880 1628 968 1687 consi

20 1705 163 1779 latuisset
189 1717 219 1770 et
239 1708 266 1770 si
287 1709 318 1768 id
336 1715 406 1769 ante
428 1709 554 1768 dubium
571 1709 688 1780 luisset,
705 1712 872 1783 legatorum
889 1711 985 1785 paulo

18 1798 73 1851 ante
90 1793 189 1852 verba
210 1793 250 1851 ad
272 1800 386 1853 certum
403 1793 576 1866 redegisse;
595 1799 625 1850 et
636 1794 818 1867 plerumque
831 1793 930 1868 ipsam
947 1809 993 1852 se.

19 1871 144 1950 fraudem
160 1875 282 1936 etiamsi
303 1875 387 1936 initio
407 1876 526 1936 cautior
546 1875 643 1948 luerit,
661 1877 814 1950 detegere.
843 1877 984 1936 Rhodios

18 1959 102 2018 aunbo
125 1959 156 2019 in
189 1959 263 2020 orbe
288 1966 434 2020 terrarum
461 1959 583 2020 arbitria
608 1959 678 2018 belli
705 1959 854 2034 pacisque
875 1975 981 2034 agere;

16 2039 190 2103 Rhodiorum
205 2050 280 2103 nutu
295 2059 380 2103 arma
400 2050 576 2117 sumpturos
595 2043 812 2118 positurosque
826 2045 982 2104 Romanos

17 2137 81 2184 esse.
111 2128 174 2187 iam
196 2143 256 2186 non
280 2127 357 2187 deos
374 2128 531 2188 foederum
545 2133 649 2199 testes,
672 2127 727 2186 sed
746 2127 884 2188 Rhodios
899 2127 982 2186 habi·

17 2211 93 2270 tuos.
115 2211 201 2271 itane
215 2211 360 2272 tandemt
380 2211 410 2270 ui
426 2216 568 2284 pareatur
582 2209 619 2268 iis
635 2209 850 2286 exercitusque
865 2212 904 2270 de
918 2211 978 2269 Ma·

16 2292 128 2354 cadonia
149 2295 368 2369 deportentur,
390 2293 513 2354 visuros
528 2307 615 2366 esse,
636 2294 709 2368 quid
730 2295 787 2354 sibi
810 2293 983 2354 laciendum

14 2373 63 2434 titt
81 2379 152 2453 quid
176 2377 289 2438 Rhodii
304 2377 401 2436 visuri
415 2375 490 2450 sint,
509 2375 597 2451 ipsos
613 2378 702 2436 scire.
731 2379 878 2452 populum
901 2385 987 2436 certe·

14 2455 170 2522 Romanum
186 2461 306 2521 devicto
322 2459 445 2532 Perseo,
463 2461 546 2534 quod
561 2475 657 2535 prope
672 2461 751 2519 diem
767 2468 892 2535 sperent
907 2461 982 2532 lore,

15 2541 152 2618 visurum,
180 2552 214 2604 ut
237 2560 295 2619 pro
321 2543 436 2603 meritis
465 2544 615 2618 cuiusque
640 2543 670 2600 in
691 2559 728 2602 eo
749 2544 830 2602 bello
851 2542 985 2602 cirratis

18 2627 124 2688 aliam
141 2628 266 2702 dignam
281 2629 402 2687 relerat.
430 2643 543 2688 munus
556 2634 658 2686 tamen
676 2624 782 2698 legatis
797 2624 827 2684 in
843 2625 981 2699 singulos

12 2705 101 2770 bintun
114 2709 232 2771 milium
247 2712 328 2771 aeris
342 2710 469 2770 missum
485 2716 547 2769 est=
576 2708 659 2784 quod
674 2705 770 2766 iinon
788 2715 981 2782 acceperunt.

80 2795 162 2856 XVI.
185 2795 318 2856 Litterae
330 2793 441 2854 deinde
451 2790 748 2865 recitataeQMarcii
757 2793 893 2853 consulis
902 2799 982 2869 sunt,

15 2879 258 2948 quemadmodum
273 2879 354 2938 saltu
368 2884 513 2953 superato
534 2875 565 2936 in
586 2875 796 2937 Macedoniam
811 2877 981 2942 transisset.

11 2955 90 3021 ittet
109 2978 152 3022 ex
170 2961 239 3022 aliis
259 2961 338 3022 loeis
360 2967 546 3022 commeatus
563 2959 578 2996 *
595 2967 779 3033 prospectos
801 2960 831 3018 in
850 2959 986 3022 hiemem·

11 3037 121 3119 babere,
137 3053 168 3107 et
181 3046 221 3106 ab
235 3045 371 3121 Epirotis
384 3044 491 3120 viginti
504 3043 586 3103 milia
600 3043 733 3103 modium
748 3042 853 3117 tritici,
876 3046 986 3105 decem

12 3121 107 3188 bordei
123 3128 314 3204 sumpsisset
335 3136 369 3189 ut
382 3145 437 3204 pro
453 3143 491 3188 eo
504 3128 653 3187 frumento
671 3128 800 3200 pecunia
809 3128 926 3188 Romae
940 3129 982 3189 lc-

2 3209 78 3282 isatis
91 3228 201 3273 eorum
216 3219 382 3272 curaretur.
404 3212 584 3271 vestimenta
598 3209 741 3270 militibus
757 3212 795 3270 ab
807 3213 904 3272 Roma
918 3212 982 3270 mit·

12 3295 92 3354 tenda
106 3312 189 3356 esse.
209 3297 300 3371 equis
315 3295 455 3356 ducentis
471 3297 566 3354 lerme
580 3311 660 3368 opus
678 3309 759 3366 esse,
779 3293 909 3354 maxime
922 3294 982 3352 Nu-v

2 3374 107 3448 'uidis3
132 3395 188 3438 nec
208 3379 266 3440 sibi
286 3379 317 3439 in
339 3377 388 3440 bis
406 3379 482 3438 locis
504 3379 595 3438 ullam
616 3377 735 3452 copiam
754 3393 834 3436 esse.
858 3382 989 3435 senatus.

2 3463 175 3542 consultum
191 3469 222 3523 ut
236 3479 274 3523 ea
290 3463 391 3522 omnia
413 3479 452 3522 ex
467 3462 571 3522 litteris
594 3459 730 3520 consulis
749 3461 856 3518 fierent
871 3458 990 3518 lactum
