2328 3870
213 219 274 284 148
381 218 496 280 LIBER
510 218 598 280 xttt.
623 219 706 280 CAP-
718 226 762 284 23.
773 226 817 280 at.
839 225 876 292 [ι.
889 222 921 280 ll.
934 239 958 276 c.
968 221 1026 291 tto]
1134 309 1135 314 ¹

213 377 274 435 lum
290 387 408 448 gerere.
432 371 488 432 sed
508 372 567 431 iam
589 373 668 431 ultra
688 371 863 446 superbiam
878 370 1117 448 crudelitatemque

212 457 369 519 avaritiam
395 454 461 514 cius
487 469 548 514 non
571 456 634 530 pati
657 469 752 530 posse
773 454 1041 529 cartlraginiensas.
1065 455 1133 519 miss

212 556 285 602 essc
301 538 354 615 qui
369 547 491 600 orarent
505 546 654 613 senatum,
670 547 703 599 ut
716 538 805 598 trium
820 536 926 597 harum
937 553 1032 598 rerum
1042 553 1114 597 unam

212 640 247 686 se
263 622 417 699 impetrari
440 623 590 682 sinerent=
614 630 647 683 ut
666 624 716 681 vel
736 637 775 682 ex
792 635 891 700 aequo
908 622 988 696 apud
1002 623 1100 682 socium
1112 637 1130 696 p

213 710 326 786 pulum,
339 707 412 783 quid
424 706 574 782 cuiusque
585 714 679 780 esset,
691 707 912 782 disceptarent;
928 706 976 765 vel
988 705 1134 780 pennitter

135 833 138 838 -
213 790 515 867 Carthaginiensibus
537 797 570 850 ut
589 790 741 851 adversus
757 787 868 849 iniusta
885 804 968 850 arma
982 789 1030 864 pio
1043 788 1124 863 iustoq

213 893 248 937 sc
263 881 432 936 tutarentur
445 874 545 943 bello;
567 875 615 934 vel
627 874 665 933 ad
678 880 857 947 extremum,
875 872 902 933 si
913 872 1008 949 gratia
1019 874 1125 948 plusqu

211 959 326 1020 veritas
342 958 425 1033 apud
442 973 497 1020 cos
513 959 639 1036 valeret
654 959 749 1017 semel
765 964 942 1029 statuerent,
960 955 1030 1031 quid
1044 955 1117 1016 donat

212 1059 252 1102 ex
263 1044 363 1102 alieno
375 1042 561 1103 Masinissae
573 1042 693 1102 vellent.
711 1039 882 1101 modestius
894 1047 977 1101 certe
988 1039 1126 1100 datumst

212 1133 244 1187 ct
258 1127 406 1197 scituros,
435 1126 509 1202 quid
524 1127 699 1186 dedissent:
728 1125 831 1200 ipsum
852 1126 967 1185 nullum
982 1130 1125 1200 praeterqu

214 1226 290 1271 suae
306 1211 440 1270 libidinis
455 1210 578 1271 arbitrio
594 1210 686 1270 tinam
701 1210 860 1270 iacturum.
883 1208 992 1270 horum
1006 1207 1031 1269 si
1049 1203 1123 1266 nihili

214 1302 379 1370 patrarent,
402 1294 572 1373 rat-aliquod
588 1310 676 1354 suum
691 1299 765 1369 post
782 1293 883 1352 datam
898 1308 918 1353 a
932 1293 965 1351 P.
982 1291 1125 1368 Scipione·

215 1393 281 1438 cem
303 1377 444 1437 delictum
466 1384 565 1450 esset,
590 1376 651 1452 ipsi
672 1377 774 1452 potius
796 1375 1065 1437 animadverterent
1081 1374 1104 1432 in

118 1488 120 1492 ·
214 1467 307 1519 tutam
323 1457 500 1520 servitutem
516 1475 551 1520 se
566 1460 624 1520 sub
647 1459 779 1521 dominis
794 1460 941 1520 Romanis
963 1476 1050 1536 quam
1067 1457 1123 1517 liber

214 1551 273 1603 tem
289 1541 462 1618 expositam
477 1544 516 1601 ad
531 1543 656 1603 iniurias
671 1543 856 1605 Masinissae
870 1545 977 1604 malle:
998 1543 1119 1620 periren

215 1641 275 1701 que
290 1625 477 1701 semetipsis
493 1626 590 1687 satius
606 1642 688 1702 esse,
710 1643 803 1703 quam
817 1628 876 1689 sub
893 1625 1076 1689 acerbissimi
1088 1638 1114 1682 ca

213 1709 280 1770 dcis
296 1709 420 1770 arbitrio
436 1707 576 1785 spiritum
591 1711 713 1771 ducere.
736 1712 794 1771 sub
814 1712 892 1773 haec
908 1712 991 1773 dicta
1005 1709 1123 1771 lacrimat

215 1795 457 1869 procubuerunt,
479 1796 628 1870 stratique
642 1796 741 1868 humi,
762 1812 824 1855 non
839 1795 897 1854 sibi
912 1795 1010 1870 magis
1025 1789 1131 1854 miseric

214 1877 357 1953 diamque
372 1876 416 1936 **.
458 1878 565 1938 XXIV.
588 1879 768 1954 interrogari
791 1879 957 1940 Gulussam
971 1877 1088 1954 placuit,
1107 1890 1121 1947 q

215 1962 254 2021 ad
268 1977 306 2022 ea
319 1962 529 2037 responderet,
544 1969 598 2023 aut
611 1962 638 2024 si
653 1963 738 2039 prius
754 1964 864 2037 mallet
879 1969 1075 2039 expromeret
1093 1973 1129 2018 su

215 2062 277 2119 qua
295 2061 330 2103 re
348 2046 476 2105 Romam
499 2047 643 2107 venisset.
672 2047 805 2108 Gulussa
824 2061 927 2121 neque
949 2047 1006 2108 sibi
1021 2041 1117 2105 facile

214 2128 290 2186 dixit
304 2128 343 2186 de
358 2127 395 2187 iis
409 2127 502 2187 rebus
518 2143 626 2202 agere,
650 2128 689 2188 de
711 2131 823 2206 quibus
838 2131 912 2190 nihil
927 2129 1058 2191 mandati
1071 2143 1087 2186 a
1099 2141 1135 2201 qn

213 2209 356 2282 haberet,
379 2226 479 2284 neque
493 2211 572 2287 patri
587 2212 676 2272 tacite
692 2212 790 2275 luisse
805 2214 967 2286 mandare,
990 2229 1056 2274 cunr
1069 2210 1096 2270 G·
1131 2269 1132 2272 ,

213 2291 369 2366 ginienses
392 2308 448 2353 nec
470 2295 509 2354 dc
531 2312 593 2370 qua
605 2311 641 2356 re
654 2298 752 2358 acturi
766 2305 872 2359 essent
885 2313 944 2358 nec
960 2296 1078 2358 omnino
1090 2293 1133 2353 iu

213 2391 249 2436 se
263 2375 391 2436 Romam
407 2377 617 2440 indicaverint.
641 2381 670 2439 in
686 2381 763 2441 aede
777 2380 959 2456 Aesculapii
974 2376 1133 2442 clandestin

213 2475 269 2520 eos
282 2475 338 2535 pcr
349 2459 467 2536 aliquot
478 2470 585 2525 noctes
597 2463 758 2525 consilium
765 2465 938 2540 principum
945 2464 1093 2536 habuisse,
1103 2477 1127 2518 u·

213 2541 247 2581 **
261 2552 419 2620 praetcrea
433 2547 552 2622 legatos
568 2548 696 2608 occultis
713 2563 781 2608 cum
795 2548 948 2610 mandatis
963 2549 1087 2610 Romam
1098 2559 1131 2603 nn

213 2643 280 2687 earn
303 2645 427 2690 causam
449 2632 546 2692 luisse
561 2630 639 2708 patri
655 2632 791 2692 mittendi
806 2649 841 2693 se
855 2633 993 2705 Romam,
1017 2630 1066 2708 qui
1081 2629 1113 2688 de
1134 2686 1136 2689 ,

213 2719 333 2773 caretur
347 2724 497 2788 senatum,
520 2730 557 2774 ne
574 2715 648 2788 quid
662 2715 874 2776 communibus
889 2716 1019 2776 inimicis
1034 2709 1136 2774 crimin

212 2795 294 2856 tibus
316 2813 351 2855 se
373 2798 547 2870 crederent,
578 2813 668 2873 quem
690 2799 729 2858 ob
750 2800 863 2860 nullam
884 2801 972 2860 aliam
995 2813 1131 2860 causam

214 2885 340 2952 propter
355 2888 544 2940 constantem
565 2881 656 2940 iidem
673 2897 746 2957 erga
762 2885 910 2959 populum
925 2884 1091 2944 Romanum
1104 2894 1136 2936 ο3

213 2968 290 3020 sent.
318 2960 365 3020 his
385 2963 538 3039 utrimque
558 2963 669 3024 auditis
690 2973 816 3028 senatus
838 2967 877 3027 de
893 2967 1055 3044 postulatis
1070 2965 1136 3024 car

212 3044 393 3115 giniensiunr
409 3048 567 3108 consultus
581 3051 773 3123 respondere
785 3051 826 3112 ita
837 3051 935 3126 iussit,
953 3052 1108 3111 Gulussam
1133 3064 1135 3077 ’

213 3141 283 3186 cere
305 3130 458 3204 extemplo
480 3131 508 3190 in
530 3130 701 3193 Numidiam
721 3134 877 3209 proticisci
899 3143 928 3195 et
949 3134 1085 3195 nuntiare
1098 3145 1125 3204 p=

211 3217 245 3269 ut
270 3211 343 3271 de
335 3212 372 3272 ris
399 3213 571 3289 dequibus
594 3215 861 3292 Carthaginienses
885 3226 1050 3296 querantur
1071 3217 1124 3286 leg

213 3310 304 3368 quam
326 3297 455 3368 primum
476 3299 516 3357 ad
536 3306 675 3361 senatum
692 3301 801 3377 mittat,
827 3303 1047 3376 denuntietque
1067 3297 1136 3358 Ca

212 3376 416 3453 giniensibus,
439 3387 471 3440 ut
484 3383 524 3442 ad
539 3381 774 3458 disceptandum
789 3384 920 3447 veniant
944 3404 971 3446 ει
963 3381 1097 3459 aliquid
1112 3395 1145 3452 p

213 3468 282 3520 sent
293 3459 475 3523 Masinissae
486 3464 612 3528 honoris
625 3482 729 3540 causa,
746 3476 776 3528 et
788 3467 901 3530 iecisse
913 3477 942 3532 et
953 3471 1086 3529 tacturos
1098 3447 1157 3522 esst
