2368 3858
228 219 419 280 ΕΡΙΤΟΜΑΕ
434 221 638 284 LIBRORUM
653 223 784 282 XLVIII.
799 224 900 284 XLIX.
977 225 1037 288 301

51 371 87 414 ire
108 370 208 422 vellent,
227 372 253 414 P.
270 371 387 414 Cornelius
402 373 537 414 Aemilianus
557 373 676 425 processit,
701 376 724 414 et
744 375 889 425 excepturum
907 384 932 415 se
947 373 1040 416 militiae

54 424 544 522 titttittittt.iltiittiftt.
556 426 1040 530 itttittf‘ts‘tstititt'fttttt

55 533 88 574 lus
103 535 141 574 eui
156 535 308 582 successerat,
324 534 427 586 placasse
441 544 518 575 omnes
533 534 667 575 Celtiberiae
681 534 776 587 populos
791 534 913 583 videretur,
929 534 1040 576 Vaccaeos

50 589 75 627 et
89 585 217 628 Cantabros
237 591 260 628 et
278 586 334 628 altas
349 587 422 628 adhue
436 591 559 640 incognitas
574 589 675 629 nationes
689 590 713 630 in
729 589 836 642 Hispania
849 590 945 641 subegIt.
965 590 995 630 ibi
1011 590 1037 634 P.

1 671 2 682 ι
52 642 173 684 cornelius
188 641 263 694 setpio
278 641 396 682 Africanus
410 643 559 690 Aemilianus,
579 642 605 683 L.
620 641 683 682 Pauli
698 641 770 692 otios,
786 643 884 685 Africani
899 653 983 696 nepos,
998 643 1039 684 sed

53 694 187 747 adoptivus,
203 697 370 747 provocatorem
384 695 501 737 barbarum
516 697 618 737 trIbunus
631 696 725 736 militum
740 695 833 745 occidit,
853 700 875 737 et
890 698 911 736 in
925 708 1039 752 oppugna·

53 751 113 790 itone
137 749 270 790 IntercatIae
291 749 353 790 urbis
371 751 443 790 malus
458 751 524 791 etlam
544 750 666 803 periculum
688 748 756 792 adili:
778 761 827 790 nam
848 761 934 792 murum
954 753 1040 804 primus

50 803 201 846 transcendIt.
217 802 266 844 Ser.
282 801 398 856 Sulpiclus
412 802 484 844 Galba
497 807 587 856 praetor
601 802 657 844 male
671 803 906 846 adversusLusItanos
921 807 1038 858 pugnavit.

54 867 100 896 cum
121 856 191 909 iegati
211 869 241 897 ex
254 856 331 898 Airiea
348 867 398 897 eum
412 859 538 898 oratoribus
553 855 768 909 carthaginiensium
783 860 807 899 et
821 857 918 900 Gulussa
932 859 1038 900 blactula-

53 920 89 951 aae
109 909 157 950 titio
178 909 301 961 redissent,
324 910 468 963 dicerentque
489 916 512 953 et
525 912 645 953 exercitum
660 921 685 951 se
704 914 727 954 et
741 912 835 953 classem
850 911 985 966 carthagine
1000 913 1037 954 de·

1 985 2 1019 ;
53 962 207 1016 prehendisse,
221 967 335 1018 perrogari
349 965 473 1006 senitentias
488 965 581 1018 placolt.
596 965 680 1012 Catone
695 969 718 1006 et
731 966 782 1007 aliis
796 967 935 1020 principibus
949 966 1037 1008 senatui

53 1017 206 1068 suadentibus,
223 1021 247 1058 ut
261 1019 284 1059 in
299 1019 395 1059 Africam
409 1019 526 1062 contestIm
540 1022 727 1073 transportaretur
741 1023 860 1070 exereitus,
875 1021 934 1072 quod
946 1021 972 1065 P.
984 1023 1038 1064 cor·

53 1073 126 1112 neilus
141 1071 224 1113 Nastca
239 1072 328 1114 dicebat
343 1073 437 1113 nondum
452 1074 495 1116 sibi
510 1074 591 1114 iustam
610 1083 699 1114 eausam
718 1073 773 1114 belli
793 1074 876 1124 videti,
895 1075 992 1128 placuit,
1013 1076 1038 1115 ut

52 1126 112 1167 bello
133 1126 282 1174 abstinerent,
305 1129 323 1166 si
339 1125 533 1178 Carthsglnlenses
552 1127 646 1168 classem
666 1130 806 1168 exussissent
824 1131 847 1169 et
864 1129 985 1169 exarchum
1004 1127 1036 1168 di-

52 1181 178 1220 misissent:
193 1182 230 1221 sin
245 1181 324 1229 minus,
340 1183 435 1233 proximi
450 1181 555 1222 consules
569 1181 597 1222 de
608 1182 692 1222 Punlco
707 1180 768 1221 bello
783 1180 899 1223 referrent.
914 1193 963 1223 cum
978 1182 1039 1222 loea-

50 1237 96 1274 tum
110 1243 125 1272 a
140 1234 272 1274 censoribus
283 1233 392 1276 theatrum
403 1239 562 1284 exstrueretur,
577 1236 602 1276 P.
614 1233 720 1276 cornelio
731 1235 813 1276 Nasica
822 1239 914 1277 auctore
924 1238 1037 1288 umquam

53 1287 132 1327 inutile
150 1289 174 1328 et
196 1289 321 1327 nociturum
341 1288 437 1341 publicis
455 1290 553 1330 moribus
572 1301 602 1330 ex
615 1292 706 1330 senatus
725 1289 829 1332 consulto
844 1288 980 1331 destructum
995 1293 1036 1338 est,

53 1339 1037 1450 titiiit:ltititttiti.titt‘tithtt‘ttiitttttittsitit:

1 1485 2 1495 ,
51 1448 119 1498 duos,
141 1451 165 1490 et
179 1451 230 1490 sine
244 1450 372 1502 pulpamine
386 1449 491 1492 mandere
508 1453 531 1492 et
549 1455 639 1504 gustate
654 1463 733 1504 panem
747 1455 832 1493 tantum
846 1452 925 1502 solito,
945 1454 1037 1505 Insuper

53 1503 173 1544 liomanum
188 1503 271 1544 bellum
287 1508 421 1545 meruerunt.

104 1557 183 1598 xbtx.
203 1558 271 1599 tertii
287 1559 363 1599 Punici
381 1559 434 1599 beili
455 1557 542 1598 initium
561 1559 633 1600 altero
651 1561 675 1600 et
688 1561 850 1602 sexcentesiino
865 1573 922 1603 anno
937 1563 965 1602 ab
982 1561 1036 1602 urbe

52 1610 152 1660 eondIta,
175 1611 234 1652 Intra
254 1613 354 1664 qulntum
372 1623 452 1653 annom
472 1621 538 1663 quarn
552 1616 600 1654 erat
619 1617 733 1666 coeptum,
755 1617 908 1660 consummati.
931 1617 989 1656 inter
1003 1615 1035 1659 N.

54 1665 153 1706 Porcium
169 1665 278 1707 Catonem
300 1669 323 1707 et
337 1666 465 1720 sciptonem
478 1665 595 1715 Nasicam,
616 1678 709 1718 quorum
728 1668 786 1708 alter
807 1671 987 1722 sapientissimus
1001 1669 1037 1709 uir

52 1719 74 1758 ln
88 1719 183 1760 civltate
197 1717 332 1770 habebatur,
354 1721 411 1761 alter
424 1719 521 1774 optImus
535 1721 601 1761 etlam
615 1733 629 1760 a
643 1723 721 1762 senatu
737 1722 848 1763 iudicatus
862 1726 920 1772 erat,
941 1723 1036 1763 diversis

53 1775 160 1813 certatum
175 1775 292 1815 sententiis
307 1778 341 1815 est
352 1774 435 1816 Catone
449 1773 557 1815 suadente
572 1774 663 1823 bellom,
677 1779 701 1815 et
716 1779 740 1816 ut
752 1776 868 1816 tolleretur
878 1776 1035 1826 delereturque

0 1838 1 1875 i
52 1825 175 1878 Carthago,
191 1827 273 1868 Nasica
287 1827 437 1870 dissuadente.
457 1826 541 1880 placuit
557 1831 641 1878 tamen,
657 1828 717 1879 qnod
732 1833 808 1870 contre
823 1829 902 1870 loedos
916 1839 984 1870 nares
999 1829 1035 1868 ha-

55 1879 141 1929 berent,
164 1881 224 1932 quod
239 1884 351 1923 exercitus
365 1885 429 1923 extra
447 1883 501 1922 lines
515 1882 644 1932 duxissent,
665 1882 725 1934 qood
739 1885 800 1924 coelo
815 1885 892 1936 popuii
906 1883 999 1924 Romani
1014 1885 1037 1921 et

0 1982 1 1985 Ἰ
53 1935 121 1975 amico
136 1935 273 1977 Masinissae
287 1947 347 1977 arina
361 1936 502 1985 intulissent,
523 1935 582 1987 quod
596 1935 665 1977 fllium
680 1938 728 1976 eius
743 1936 874 1987 Gulussam,
889 1938 926 1989 qui
941 1949 990 1977 com
1005 1935 1035 1976 le-

0 2022 1 2037 ,
54 1988 108 2040 gatis
117 1988 224 2030 Romanis
238 1992 294 2040 erat,
308 1991 331 2030 ln
345 1990 450 2043 oppidum
466 2001 509 2030 non
521 1990 665 2042 recepissent,
677 1989 765 2033 bellum
775 1991 803 2032 iia
814 1991 890 2034 indIci.
906 1990 1035 2043 prtusquam

0 2060 1 2063 =
55 2041 111 2082 ullae
131 2043 210 2095 copiae
230 2045 251 2084 ln
267 2054 335 2084 nares
349 2047 526 2096 imponerentur,
548 2044 665 2085 Uticenses
680 2043 747 2096 legati
763 2043 853 2086 Romam
868 2045 988 2093 venerunt,
1010 2053 1034 2084 ss

53 2105 136 2146 suaque
151 2099 226 2137 omnia
241 2097 355 2138 dedentes.
376 2111 402 2138 ea
416 2096 498 2150 legatio
512 2097 584 2138 veluti
598 2109 661 2138 omen
676 2102 738 2150 grata
753 2100 865 2150 patribus,
887 2100 967 2140 acerba
982 2097 1035 2139 Car-

0 2184 1 2187 ,
56 2148 232 2202 tbaginiensibus
246 2151 296 2193 luit.
317 2152 375 2194 Ludi
391 2151 439 2192 Diti
455 2153 512 2204 patri
527 2152 555 2192 ad
570 2153 688 2194 Tarentum
702 2163 730 2193 ex
746 2157 865 2206 praecepto
880 2152 984 2194 librorum
1000 2152 1036 2194 Si·

55 2203 184 2254 iyliinorum
200 2205 259 2256 lacti,
275 2206 313 2258 qul
328 2209 379 2248 ante
393 2217 474 2246 annum
489 2207 639 2256 centesImum,
654 2209 726 2260 primo
741 2208 825 2248 Punico
839 2207 912 2258 bello,
928 2208 1036 2260 quingen·

57 2258 130 2298 tesino
149 2261 174 2299 et
192 2259 263 2300 altero
282 2271 339 2300 anno
359 2263 386 2300 ab
402 2261 456 2300 urbe
470 2259 571 2310 condita,
594 2261 647 2302 iacti
661 2265 733 2303 erant.
756 2262 823 2313 legati
838 2263 929 2315 trlginta
943 2262 1035 2302 Romam

57 2315 172 2362 uenerunt,
193 2324 234 2366 per
249 2325 305 2367 quos
320 2323 344 2354 se
359 2311 555 2366 carthaginienses
570 2315 690 2360 dedebant.
712 2316 804 2358 catonis
819 2319 929 2359 sententia
945 2316 1035 2365 devicit,

0 2380 4 2405 ι
56 2367 78 2404 ut
91 2367 112 2406 in
127 2366 219 2408 decreto
234 2371 378 2420 perstaretur,
393 2370 421 2408 et·
431 2370 456 2407 ut
470 2367 574 2409 consules
588 2380 653 2421 quam
667 2371 761 2422 primum
775 2370 804 2410 ad
814 2371 898 2411 bellum
910 2371 1035 2422 proticisce-

55 2423 134 2460 rentur.
155 2422 195 2474 qul
209 2423 247 2463 ubi
262 2423 284 2463 ln
299 2422 395 2464 Atticam
410 2423 558 2472 transierunt,
573 2425 670 2476 acceptis
684 2433 740 2476 quos
755 2426 916 2477 imperaverant
930 2424 1036 2465 trecentIs

55 2473 178 2525 obsidibus,
205 2479 228 2516 et
247 2477 315 2518 armis
333 2476 478 2528 omnibusque
496 2477 650 2518 instrumentis
673 2477 773 2528 bellicis,
801 2480 821 2518 st
841 2490 884 2531 qna
903 2477 1036 2530 Cartbagine

57 2532 126 2579 erant,
142 2532 205 2581 tunc,
227 2542 276 2572 cam
291 2542 319 2572 ex
333 2532 466 2571 auctoritate
481 2533 567 2582 patrum
582 2533 683 2572 luberent
697 2535 721 2572 ut
735 2529 758 2571 in
773 2531 840 2573 alium
856 2533 941 2580 locurn,
957 2532 1007 2571 dom
1023 2541 1036 2570 a

57 2583 105 2622 mati
120 2583 196 2624 decem
211 2585 271 2625 milla
286 2595 398 2638 passuum,
415 2596 442 2625 ne
457 2586 541 2636 miuus,
557 2589 677 2635 remotum,
693 2585 799 2637 oppidum
814 2585 924 2633 iacerent,
940 2584 1034 2636 Indigni-

57 2637 98 2677 tate
116 2639 149 2679 rel
170 2638 199 2678 ad
220 2637 347 2679 bellandum
363 2637 557 2691 Carthaginienses
571 2640 733 2691 compulerunt.
754 2638 851 2679 obsideri
867 2641 1036 2690 oppugnatione

56 2692 129 2743 coepta
145 2694 180 2732 est
194 2691 305 2744 Carthago
324 2693 351 2734 ab
369 2693 392 2733 b.
409 2693 492 2734 lilarcio
507 2693 545 2734 tt.
560 2693 652 2734 Manilio
669 2691 804 2733 consulibus.
825 2693 846 2732 in
863 2703 906 2744 qua
921 2702 1034 2744 oppugna·

57 2745 111 2784 tione
125 2757 174 2786 eum
190 2747 304 2799 neglectos
323 2747 350 2787 ab
366 2759 409 2786 una
423 2750 487 2798 parte
502 2757 575 2788 muros
590 2748 633 2788 duo
648 2747 730 2788 tribuni
745 2750 828 2788 temere
843 2757 892 2787 cum
907 2746 1036 2786 cohortibus

58 2797 99 2838 aula
117 2801 252 2852 irrupissent
271 2803 293 2840 et
312 2801 340 2840 ab
360 2800 479 2853 oppidanis
493 2803 590 2853 graviter
604 2800 760 2852 caederentur,
784 2799 917 2854 aScipione
932 2801 1035 2842 Alricano

56 2853 152 2905 erplIcitl
166 2857 231 2905 sunt,
246 2865 286 2907 per
301 2865 366 2907 quem
381 2858 404 2895 et
418 2855 534 2896 castellum
544 2855 699 2906 Romanorum,
715 2854 775 2906 quod
790 2858 856 2896 nocte
870 2855 1034 2908 expugnabant,

58 2908 128 2956 paucis
141 2910 256 2960 equitibus
270 2909 397 2950 luvaotibns
412 2909 529 2951 liberatum
544 2917 587 2951 est.
604 2913 777 2961 castrorumque,
793 2921 852 2961 quae
867 2909 1034 2962 Carthaginien·

58 2967 91 2999 ses
103 2963 204 3003 omnibus
218 2962 290 3015 copiis
305 2964 332 3003 ab
348 2963 402 3003 urbe
416 2962 500 3016 pariter
514 2965 597 3015 egressi
612 2965 777 3018 oppugnabant,
793 2965 935 3006 liberatorum
952 2967 971 3006 is
986 2965 1035 3016 tpse

59 3016 192 3068 praecipuam
206 3017 298 3068 gloriam
314 3016 372 3057 tulit.
393 3020 511 3069 praeterea
529 3029 578 3058 eum
593 3019 620 3058 ab
636 3021 699 3060 irrita
713 3019 878 3071 oppugnatione
893 3019 1035 3072 Carthaginis

58 3069 128 3110 emeat
141 3092 169 3104 -
183 3071 240 3112 alter
255 3071 313 3112 enirn
325 3070 415 3112 Romam
429 3071 458 3110 ad
473 3072 562 3112 comttia
578 3071 634 3112 terat
647 3095 675 3106 -
689 3073 810 3114 exercitum
825 3073 916 3116 duceret
927 3074 1034 3115 adversus

60 3119 223 3174 Hasdrubalem,
246 3125 284 3176 qul
299 3136 348 3166 cum
363 3125 435 3166 altera
449 3135 514 3166 manu
529 3126 628 3177 iniquum
643 3127 725 3168 saltum
740 3127 857 3178 tosiderat,
879 3130 949 3170 suasIt
963 3129 1034 3180 prino

60 3177 149 3228 consuli,
170 3189 198 3218 ne
217 3182 262 3220 tam
281 3179 359 3231 tniqoo
378 3179 428 3220 loco
442 3179 581 3230 confligeret,
596 3183 674 3222 uictus
688 3180 767 3222 deinde
782 3183 939 3236 complurium,
959 3181 1035 3232 quiet

60 3229 181 3278 prudentiae
197 3233 246 3273 eius
260 3236 283 3273 et
297 3233 374 3274 virtuti
389 3233 526 3282 invidebant,
542 3236 660 3275 sententiis
674 3237 697 3276 et
712 3237 760 3288 ipse
774 3237 855 3277 saltum
867 3238 981 3287 ingressus
992 3236 1034 3274 est.

59 3291 113 3334 eum,
134 3286 193 3326 sicut
208 3288 363 3339 praedixerat,
385 3287 449 3326 iosus
464 3287 599 3340 togatosque
613 3292 672 3328 esset
687 3287 800 3330 liomanus
815 3290 925 3330 exercitos
940 3292 963 3328 et
978 3287 1034 3327 duae

61 3334 156 3381 cobortes
174 3341 201 3380 ab
222 3341 288 3383 hoste
307 3340 474 3392 obsiderentur,
495 3353 545 3382 cum
559 3342 646 3394 exiguis
661 3343 760 3394 equitum
775 3343 853 3382 turmis
867 3342 889 3380 tn
904 3342 984 3382 saltum
1000 3350 1034 3380 re-

62 3399 130 3433 versus
143 3395 250 3436 liberavit
268 3407 307 3436 eas
322 3398 345 3436 et
359 3395 481 3436 incolumes
496 3395 591 3436 reduxit.
611 3407 677 3447 quam
692 3397 796 3437 virtutem
810 3395 859 3435 elus
873 3398 896 3434 et
911 3396 979 3442 Cato,
997 3394 1034 3433 vir

61 3449 187 3498 promptiore
201 3449 230 3489 ad
244 3449 414 3501 vituperandum
429 3449 511 3501 lingua,
527 3451 549 3490 in
562 3454 642 3491 senatu
657 3451 689 3490 sic
704 3450 835 3503 prosecutos
850 3450 895 3496 est,
912 3451 936 3488 ut
950 3446 1035 3487 diceret

61 3497 158 3552 reliquos,
174 3504 212 3555 qui
228 3503 251 3544 ln
265 3503 339 3545 Airica
353 3504 482 3554 militarent,
500 3504 588 3544 umbras
602 3505 704 3549 mititerc.
720 3503 848 3555 Scipionem
860 3503 949 3555 vigere,
964 3505 985 3542 et
995 3512 1024 3554 po
