2328 3870
168 219 208 287 ts
346 222 536 284 umnam.
560 173 970 302 sirmondianam]

167 377 293 447 lectum;
316 385 347 438 et
359 378 402 438 uti
416 384 540 454 praetor
553 378 690 438 urbanus
706 376 884 438 oonsulibus
899 374 1040 436 scriberet
1052 391 1127 437 sena·

166 471 230 524 tum
250 477 384 538 aequum
404 476 532 522 censere
553 460 718 522 subitarios
737 461 862 533 militas,
888 459 1029 520 tumultus
1049 474 1127 522 catut

167 545 369 622 conscriptos,
385 545 485 620 primo
498 560 624 621 quoque
638 551 778 621 tempore
793 544 906 604 dimitti.

249 625 505 690 xx1x.cotnnta
531 628 697 690 Graviscae
722 641 760 689 eo
786 643 867 688 anno
892 627 1021 688 deduottt
1045 626 1125 687 estin

166 729 273 790 agrum
290 712 470 784 lltrusuum
493 712 532 772 de
546 711 818 788 Tarquiniensibus
838 710 993 788 quondam
1014 716 1126 785 captum

167 798 260 873 quina
281 795 388 870 iugera
407 795 472 870 agri
492 795 580 865 data;
600 795 748 856 triumviri
766 795 960 856 deduxerunt
974 793 1004 856 C.
1020 793 1125 868 calpur-

165 881 234 940 nius
249 878 321 939 Piso
336 879 368 938 P.
385 877 529 940 claudius
543 878 673 940 Pulcher
687 879 718 940 (l
729 880 888 940 Terentius
902 879 989 939 latrat
1009 876 1126 938 sieeitate

166 971 195 1024 et
216 962 321 1038 inopia
340 963 461 1037 frugum
481 962 611 1039 insignis
633 979 733 1026 annus
753 963 818 1023 luit
850 977 908 1023 sex
921 976 1043 1022 menses
1056 975 1125 1020 num·

166 1063 258 1122 quam
274 1046 413 1120 pluvisse
427 1049 592 1108 memoriae
607 1046 772 1124 proditum.

248 1130 366 1191 Eodem
386 1145 467 1192 anno
488 1130 519 1191 in
533 1147 608 1206 agro
622 1132 656 1191 L.
670 1129 777 1192 Petillii
790 1129 912 1190 scribae
925 1127 985 1189 sub
1000 1127 1125 1199 laniculo,

165 1214 237 1274 dum
253 1213 389 1275 cultores
401 1214 466 1290 agri
480 1214 570 1276 altius
585 1215 749 1275 moliuntur
762 1219 887 1287 terrani,
910 1212 991 1273 duae
1004 1209 1125 1286 lapideae

164 1313 263 1371 areae,
279 1304 409 1359 octonos
421 1299 515 1358 senne
526 1299 624 1373 pedes
637 1299 749 1374 longae
762 1303 927 1372 quaternos
938 1297 1026 1371 latae,
1040 1295 1125 1354 inven-

163 1389 212 1440 tae
227 1390 306 1454 sunt,
323 1382 478 1456 opereulis
489 1382 614 1457 plumbo
626 1380 786 1443 devinctis.
808 1379 915 1441 litteris
924 1379 1039 1440 Latinis
1050 1378 1124 1438 Grae

164 1463 273 1538 eisque
286 1469 416 1538 utraque
430 1479 502 1523 area
516 1464 664 1540 inscripta
678 1471 751 1539 erat,
766 1465 797 1525 in
811 1464 906 1524 altera
918 1463 1045 1524 Numani
1054 1460 1125 1522 Pom

163 1545 268 1622 pilium
287 1544 454 1622 Pomponis
479 1547 589 1619 illium,
614 1562 720 1622 regem
743 1549 966 1622 Romanorum,
993 1546 1124 1621 sepultum

162 1644 249 1704 esse,
272 1629 303 1688 in
323 1631 420 1690 altera
440 1629 535 1692 libros
548 1631 665 1691 Numae
677 1629 818 1707 Pompilii
836 1632 949 1692 inesse.
985 1646 1037 1692 eas
1053 1641 1125 1690 arens

163 1727 232 1774 eum
253 1728 293 1773 ex
313 1713 480 1775 amicorum
505 1713 656 1776 sententia
682 1715 824 1777 dontinus
849 1714 1037 1790 aperuisset,
1060 1725 1125 1789 quaa

162 1797 277 1859 titulum
299 1798 412 1874 sepulti
433 1797 516 1874 regis
537 1799 699 1872 babuerat,
722 1798 821 1860 inanis
837 1799 976 1872 inventa,
1000 1796 1125 1858 sineullo

160 1881 291 1957 vesttqto
306 1882 446 1958 eorporis
460 1882 582 1945 humani
597 1889 649 1944 aut
662 1884 753 1944 ullius
767 1882 828 1955 rei,
847 1897 903 1957 per
916 1882 1019 1944 tabem
1032 1889 1073 1942 tot
1082 1895 1125 1940 an·

160 1980 268 2026 norum
287 1967 427 2027 omnibus
441 1965 622 2044 absumptis.
654 1967 685 2027 in
699 1967 795 2029 altem
807 1966 871 2026 duo
886 1967 990 2028 iasoes
1006 1961 1125 2026 candelis
1163 2008 1164 2019 ,

159 2047 287 2109 involuti
305 2056 452 2124 septenos
466 2051 602 2112 habuere
616 2050 727 2126 libros,
746 2067 809 2113 non
821 2049 961 2125 integros
977 2050 1067 2112 modo
1079 2043 1125 2108 sed

158 2132 496 2208 reeenussinaspeeie.
512 2133 1125 2210 septemlatiuideiuuepontibeioerant
1163 2196 1164 2213 ἶ

159 2218 277 2288 septem
293 2214 401 2274 Graeci
416 2216 456 2274 de
469 2216 631 2290 disciplina
645 2217 823 2293 saptentiae,
842 2235 923 2294 quae
935 2219 1018 2280 illius
1033 2209 1125 2276 natatis
1163 2226 1164 2229 ’

159 2311 229 2356 esse
250 2299 358 2372 potuit.
390 2297 484 2360 adicit
502 2300 610 2361 Antias
625 2301 768 2362 Valerius
788 2300 1013 2380 Pythagorioos
1034 2299 1125 2368 luisse

156 2379 300 2454 vulgatae
325 2381 477 2456 opinioni,
507 2400 568 2458 qua
592 2385 726 2447 ereditur
749 2385 944 2464 Pythagorae
968 2383 1125 2447 auditorem
1161 2378 1164 2445 ss

157 2463 397 2540 luisseNumatu‚
409 2466 569 2528 mendatio
580 2469 731 2542 probabili
743 2470 976 2532 aeeommodata
986 2468 1058 2530 fide.
1075 2462 1126 2541 pri·

156 2563 206 2606 mo
219 2547 259 2608 ab
271 2547 392 2623 amieis,
412 2550 506 2625 quiin
519 2567 553 2612 re
566 2553 721 2627 praesenti
734 2553 868 2628 luerunt,
889 2554 958 2616 libri
966 2552 1051 2622 lentie
1066 2561 1125 2609 mox
1162 2564 1164 2603 1

156 2631 296 2706 pluribus
311 2633 482 2707 legentibus
498 2651 566 2696 oum
580 2636 792 2711 taugerentur,
815 2637 849 2710 Q.
860 2635 1000 2698 Petillius
1015 2638 1127 2710 praetor
1161 2633 1163 2686 1

154 2713 292 2775 urbanus
307 2717 466 2778 studiosus
481 2721 602 2794 legendi
614 2735 670 2780 eas
681 2720 777 2780 libros
789 2719 850 2779 aL
861 2718 978 2781 Petillia
991 2715 1126 2792 sumpsitr

154 2803 185 2855 et
199 2806 265 2858 erat
279 2799 435 2860 familiaris
449 2818 536 2876 usus,
552 2804 636 2878 quod
651 2803 783 2863 scribam
797 2817 868 2864 enm
880 2797 1126 2878 quaestorque

153 2879 285 2939 tilliusin
297 2882 451 2942 decuriam
463 2885 586 2960 legerat.
608 2887 695 2947 laetis
707 2886 945 2947 rerumsummis
961 2883 1142 2956 cummim,
1162 2929 1163 2962 3

154 2962 338 3025 aduenisset
358 2965 506 3042 pleraque
521 2969 790 3030 dissolvendarum
804 2970 985 3044 religionum
998 2983 1084 3040 esse,
1097 2963 1126 3024 t.

152 3043 267 3106 Petillio
290 3046 366 3108 dixit
387 3064 458 3109 sese
479 3050 574 3113 libros
590 3069 645 3113 eos
660 3053 691 3112 in
706 3053 806 3127 ignem
821 3054 1032 3116 contacturum
1047 3063 1125 3116 esset

152 3127 331 3204 priusquam
345 3132 377 3191 id
392 3133 513 3208 laceret,
528 3152 564 3195 se
577 3137 607 3196 ei
622 3137 797 3211 permittere
811 3139 863 3212 uti,
879 3138 906 3197 si
923 3138 1008 3212 quod
1018 3152 1074 3198 seu
1083 3132 1126 3192 tus

152 3225 208 3270 seu
227 3213 374 3274 auxilium
395 3232 431 3276 se
451 3217 566 3280 haltere
586 3220 626 3278 ad
639 3235 697 3280 eos
712 3219 808 3282 libros
823 3222 1012 3296 repetendos
1027 3215 1125 3280 existi·

151 3303 262 3370 maret,
283 3299 487 3372 experiretur:
515 3303 547 3362 id
567 3304 685 3377 integra
704 3305 873 3378 snagratia
887 3319 958 3364 eum
972 3306 1126 3366 lactarunt

151 3377 253 3440 sariba
267 3380 405 3442 tribunos
420 3383 517 3458 plebis
532 3385 603 3459 adit,
620 3386 658 3445 ab
673 3386 803 3448 tribunis
814 3387 855 3448 ad
870 3395 1011 3450 senatum
1020 3401 1071 3448 res
1083 3385 1126 3442 est

151 3459 273 3522 reiecta.
295 3471 467 3539 praetensa
481 3467 692 3529 iusiurandum
707 3471 780 3531 dare
795 3478 934 3546 parabam
949 3485 1022 3532 esse
1032 3465 1126 3529 aiebat
