<?xml version="1.0" encoding="UTF-8"?>
<!DOCTYPE html PUBLIC "-//W3C//DTD XHTML 1.0 Transitional//EN"
    "http://www.w3.org/TR/xhtml1/DTD/xhtml1-transitional.dtd">
<html xmlns="http://www.w3.org/1999/xhtml" xml:lang="en" lang="en">
 <head>
  <title>
</title>
<meta http-equiv="Content-Type" content="text/html;charset=utf-8" />
  <meta name='ocr-system' content='tesseract 3.04.00' />
  <meta name='ocr-capabilities' content='ocr_page ocr_carea ocr_par ocr_line ocrx_word'/>
</head>
<body>
  <div class='ocr_page' id='page_1' title='image "./titiliviaburbec01livygoog_0238.png"; bbox 0 0 2364 3862; ppageno 0'>
   <div class='ocr_carea' id='block_1_1' title="bbox 143 181 952 278">
    <p class='ocr_par' dir='ltr' id='par_1_1' title="bbox 143 181 952 278">
     <span class='ocr_line' id='line_1_1' title="bbox 143 181 952 278; baseline -0.038 0"><span class='ocrx_word' id='word_1_1' title='bbox 143 216 206 278; x_wconf 75' lang='lat'>212</span> <span class='ocrx_word' id='word_1_2' title='bbox 314 205 429 266; x_wconf 79' lang='lat' dir='ltr'>LtssER</span> <span class='ocrx_word' id='word_1_3' title='bbox 443 198 547 258; x_wconf 78' lang='lat' dir='ltr'>xliv.</span> <span class='ocrx_word' id='word_1_4' title='bbox 564 192 647 253; x_wconf 67' lang='lat' dir='ltr'>cnl’.</span> <span class='ocrx_word' id='word_1_5' title='bbox 661 196 727 249; x_wconf 79' lang='lat' dir='ltr'>al.</span> <span class='ocrx_word' id='word_1_6' title='bbox 750 189 834 258; x_wconf 65' lang='lat' dir='ltr'>[ab.</span> <span class='ocrx_word' id='word_1_7' title='bbox 847 203 871 240; x_wconf 76' lang='lat' dir='ltr'>c.</span> <span class='ocrx_word' id='word_1_8' title='bbox 889 181 952 248; x_wconf 71' lang='lat' dir='ltr'>ast]</span> 
     </span>
    </p>
   </div>
   <div class='ocr_carea' id='block_1_2' title="bbox 140 319 1123 604">
    <p class='ocr_par' dir='ltr' id='par_1_2' title="bbox 140 319 1123 604">
     <span class='ocr_line' id='line_1_2' title="bbox 141 319 1121 439; baseline -0.052 -13"><span class='ocrx_word' id='word_1_9' title='bbox 141 371 247 439; x_wconf 89' lang='lat' dir='ltr'>capto,</span> <span class='ocrx_word' id='word_1_10' title='bbox 269 357 405 418; x_wconf 90' lang='lat' dir='ltr'>nuntium</span> <span class='ocrx_word' id='word_1_11' title='bbox 420 350 460 410; x_wconf 89' lang='lat' dir='ltr'>ad</span> <span class='ocrx_word' id='word_1_12' title='bbox 475 343 633 407; x_wconf 91' lang='lat' dir='ltr'>consulem</span> <span class='ocrx_word' id='word_1_13' title='bbox 650 336 807 397; x_wconf 88' lang='lat' dir='ltr'>remittunt</span> <span class='ocrx_word' id='word_1_14' title='bbox 820 332 1004 405; x_wconf 88' lang='lat' dir='ltr'>perventum</span> <span class='ocrx_word' id='word_1_15' title='bbox 1019 322 1059 380; x_wconf 89' lang='lat' dir='ltr'>ad</span> <span class='ocrx_word' id='word_1_16' title='bbox 1072 319 1121 377; x_wconf 88' lang='lat' dir='ltr'>ho-</span> 
     </span>
     <span class='ocr_line' id='line_1_3' title="bbox 141 403 1122 511; baseline -0.05 -3"><span class='ocrx_word' id='word_1_17' title='bbox 141 456 218 508; x_wconf 91' lang='lat' dir='ltr'>stem</span> <span class='ocrx_word' id='word_1_18' title='bbox 230 457 317 511; x_wconf 87' lang='lat' dir='ltr'>asse;</span> <span class='ocrx_word' id='word_1_19' title='bbox 330 441 398 497; x_wconf 90' lang='lat' dir='ltr'>loco</span> <span class='ocrx_word' id='word_1_20' title='bbox 411 447 446 494; x_wconf 88' lang='lat' dir='ltr'>se</span> <span class='ocrx_word' id='word_1_21' title='bbox 457 437 521 490; x_wconf 88' lang='lat' dir='ltr'>tuto</span> <span class='ocrx_word' id='word_1_22' title='bbox 534 435 564 486; x_wconf 86' lang='lat' dir='ltr'>et</span> <span class='ocrx_word' id='word_1_23' title='bbox 575 425 614 484; x_wconf 88' lang='lat' dir='ltr'>ad</span> <span class='ocrx_word' id='word_1_24' title='bbox 628 419 730 480; x_wconf 89' lang='lat' dir='ltr'>omnia</span> <span class='ocrx_word' id='word_1_25' title='bbox 738 419 916 490; x_wconf 93' lang='lat' dir='ltr'>opportuno</span> <span class='ocrx_word' id='word_1_26' title='bbox 925 403 1122 470; x_wconf 64' lang='lat' dir='ltr'>consedisse</span> 
     </span>
     <span class='ocr_line' id='line_1_4' title="bbox 140 485 1123 604; baseline -0.05 -12"><span class='ocrx_word' id='word_1_27' title='bbox 140 539 174 591; x_wconf 93' lang='lat' dir='ltr'>ut</span> <span class='ocrx_word' id='word_1_28' title='bbox 189 531 333 604; x_wconf 86' lang='lat' dir='ltr'>quantum</span> <span class='ocrx_word' id='word_1_29' title='bbox 348 516 514 578; x_wconf 80' lang='lat' dir='ltr'>extendere</span> <span class='ocrx_word' id='word_1_30' title='bbox 529 511 585 569; x_wconf 91' lang='lat' dir='ltr'>iter</span> <span class='ocrx_word' id='word_1_31' title='bbox 601 511 710 581; x_wconf 88' lang='lat' dir='ltr'>posset</span> <span class='ocrx_word' id='word_1_32' title='bbox 723 498 981 570; x_wconf 81' lang='lat' dir='ltr'>consequeretur.</span> <span class='ocrx_word' id='word_1_33' title='bbox 999 485 1123 548; x_wconf 89' lang='lat' dir='ltr'>sollicito</span> 
     </span>
    </p>
   </div>
   <div class='ocr_carea' id='block_1_3' title="bbox 143 573 1131 1425">
    <p class='ocr_par' dir='ltr' id='par_1_3' title="bbox 143 573 1131 1425">
     <span class='ocr_line' id='line_1_5' title="bbox 143 573 1124 678; baseline -0.051 -3"><span class='ocrx_word' id='word_1_34' title='bbox 143 610 262 674; x_wconf 90' lang='lat' dir='ltr'>consuli</span> <span class='ocrx_word' id='word_1_35' title='bbox 284 614 315 666; x_wconf 89' lang='lat' dir='ltr'>et</span> <span class='ocrx_word' id='word_1_36' title='bbox 334 607 461 678; x_wconf 88' lang='lat' dir='ltr'>propter</span> <span class='ocrx_word' id='word_1_37' title='bbox 480 592 596 654; x_wconf 89' lang='lat' dir='ltr'>itineris</span> <span class='ocrx_word' id='word_1_38' title='bbox 617 586 844 652; x_wconf 78' lang='lat' dir='ltr'>difficultatem,</span> <span class='ocrx_word' id='word_1_39' title='bbox 867 573 954 651; x_wconf 88' lang='lat' dir='ltr'>quod</span> <span class='ocrx_word' id='word_1_40' title='bbox 970 573 1124 646; x_wconf 88' lang='lat' dir='ltr'>ingressus</span> 
     </span>
     <span class='ocr_line' id='line_1_6' title="bbox 143 651 1125 767; baseline -0.051 -10"><span class='ocrx_word' id='word_1_41' title='bbox 143 703 223 767; x_wconf 88' lang='lat' dir='ltr'>erat,</span> <span class='ocrx_word' id='word_1_42' title='bbox 245 699 276 751; x_wconf 88' lang='lat' dir='ltr'>et</span> <span class='ocrx_word' id='word_1_43' title='bbox 289 701 395 748; x_wconf 88' lang='lat' dir='ltr'>eorum</span> <span class='ocrx_word' id='word_1_44' title='bbox 410 683 517 752; x_wconf 90' lang='lat' dir='ltr'>vicem,</span> <span class='ocrx_word' id='word_1_45' title='bbox 534 690 613 751; x_wconf 88' lang='lat' dir='ltr'>quos</span> <span class='ocrx_word' id='word_1_46' title='bbox 629 683 749 746; x_wconf 90' lang='lat' dir='ltr'>paucos</span> <span class='ocrx_word' id='word_1_47' title='bbox 763 665 843 724; x_wconf 87' lang='lat' dir='ltr'>inter</span> <span class='ocrx_word' id='word_1_48' title='bbox 856 657 960 719; x_wconf 87' lang='lat' dir='ltr'>media</span> <span class='ocrx_word' id='word_1_49' title='bbox 976 651 1125 729; x_wconf 89' lang='lat' dir='ltr'>praesidia</span> 
     </span>
     <span class='ocr_line' id='line_1_7' title="bbox 143 739 1126 845; baseline -0.048 -6"><span class='ocrx_word' id='word_1_50' title='bbox 143 778 277 838; x_wconf 92' lang='lat' dir='ltr'>hostium</span> <span class='ocrx_word' id='word_1_51' title='bbox 292 767 501 845; x_wconf 79' lang='lat' dir='ltr'>praemiserat,</span> <span class='ocrx_word' id='word_1_52' title='bbox 522 756 647 818; x_wconf 90' lang='lat' dir='ltr'>nuntius</span> <span class='ocrx_word' id='word_1_53' title='bbox 662 753 701 812; x_wconf 87' lang='lat' dir='ltr'>ad</span> <span class='ocrx_word' id='word_1_54' title='bbox 716 745 903 810; x_wconf 85' lang='lat' dir='ltr'>Ascuridem</span> <span class='ocrx_word' id='word_1_55' title='bbox 918 739 1066 814; x_wconf 85' lang='lat' dir='ltr'>paludem</span> <span class='ocrx_word' id='word_1_56' title='bbox 1081 751 1126 794; x_wconf 91' lang='lat' dir='ltr'>oc·</span> 
     </span>
     <span class='ocr_line' id='line_1_8' title="bbox 145 822 1127 922; baseline -0.045 -1"><span class='ocrx_word' id='word_1_57' title='bbox 145 860 247 921; x_wconf 87' lang='lat' dir='ltr'>currit.</span> <span class='ocrx_word' id='word_1_58' title='bbox 267 852 370 913; x_wconf 82' lang='lat' dir='ltr'>addita</span> <span class='ocrx_word' id='word_1_59' title='bbox 390 848 481 922; x_wconf 91' lang='lat' dir='ltr'>igitur</span> <span class='ocrx_word' id='word_1_60' title='bbox 495 839 600 916; x_wconf 80' lang='lat' dir='ltr'>stipsi</span> <span class='ocrx_word' id='word_1_61' title='bbox 614 835 728 896; x_wconf 87' lang='lat' dir='ltr'>liducia</span> <span class='ocrx_word' id='word_1_62' title='bbox 742 838 805 902; x_wconf 87' lang='lat' dir='ltr'>est,</span> <span class='ocrx_word' id='word_1_63' title='bbox 827 822 1068 894; x_wconf 85' lang='lat' dir='ltr'>coniunctisque</span> <span class='ocrx_word' id='word_1_64' title='bbox 1082 833 1127 878; x_wconf 92' lang='lat' dir='ltr'>co·</span> 
     </span>
     <span class='ocr_line' id='line_1_9' title="bbox 146 900 1126 1017; baseline -0.047 -15"><span class='ocrx_word' id='word_1_65' title='bbox 146 942 206 1017; x_wconf 91' lang='lat' dir='ltr'>piis</span> <span class='ocrx_word' id='word_1_66' title='bbox 222 944 323 999; x_wconf 89' lang='lat' dir='ltr'>castra</span> <span class='ocrx_word' id='word_1_67' title='bbox 337 932 452 993; x_wconf 92' lang='lat' dir='ltr'>tumulo</span> <span class='ocrx_word' id='word_1_68' title='bbox 469 926 522 1002; x_wconf 85' lang='lat' dir='ltr'>qui</span> <span class='ocrx_word' id='word_1_69' title='bbox 535 921 710 991; x_wconf 87' lang='lat' dir='ltr'>tenebatur,</span> <span class='ocrx_word' id='word_1_70' title='bbox 732 931 795 990; x_wconf 90' lang='lat' dir='ltr'>qua</span> <span class='ocrx_word' id='word_1_71' title='bbox 809 909 1006 985; x_wconf 89' lang='lat' dir='ltr'>aptissimum</span> <span class='ocrx_word' id='word_1_72' title='bbox 1021 903 1063 962; x_wconf 88' lang='lat' dir='ltr'>ad</span> <span class='ocrx_word' id='word_1_73' title='bbox 1076 900 1126 958; x_wconf 87' lang='lat' dir='ltr'>loci</span> 
     </span>
     <span class='ocr_line' id='line_1_10' title="bbox 147 989 1127 1086; baseline -0.044 -1"><span class='ocrx_word' id='word_1_74' title='bbox 147 1031 285 1085; x_wconf 91' lang='lat' dir='ltr'>naturam</span> <span class='ocrx_word' id='word_1_75' title='bbox 306 1023 385 1086; x_wconf 86' lang='lat' dir='ltr'>erat,</span> <span class='ocrx_word' id='word_1_76' title='bbox 407 1018 479 1074; x_wconf 86' lang='lat' dir='ltr'>sunt</span> <span class='ocrx_word' id='word_1_77' title='bbox 499 1007 657 1069; x_wconf 86' lang='lat' dir='ltr'>acclinata.</span> <span class='ocrx_word' id='word_1_78' title='bbox 684 1015 747 1060; x_wconf 94' lang='lat' dir='ltr'>non</span> <span class='ocrx_word' id='word_1_79' title='bbox 762 994 899 1056; x_wconf 89' lang='lat' dir='ltr'>hostiurn</span> <span class='ocrx_word' id='word_1_80' title='bbox 913 989 1009 1050; x_wconf 92' lang='lat' dir='ltr'>modo</span> <span class='ocrx_word' id='word_1_81' title='bbox 1025 991 1127 1055; x_wconf 77' lang='lat' dir='ltr'>castra</span> 
     </span>
     <span class='ocr_line' id='line_1_11' title="bbox 149 1067 1128 1182; baseline -0.045 -14"><span class='ocrx_word' id='word_1_82' title='bbox 149 1123 230 1182; x_wconf 86' lang='lat' dir='ltr'>quae</span> <span class='ocrx_word' id='word_1_83' title='bbox 249 1102 341 1180; x_wconf 92' lang='lat' dir='ltr'>paulo</span> <span class='ocrx_word' id='word_1_84' title='bbox 358 1101 427 1173; x_wconf 92' lang='lat' dir='ltr'>plus</span> <span class='ocrx_word' id='word_1_85' title='bbox 442 1095 523 1154; x_wconf 87' lang='lat' dir='ltr'>mille</span> <span class='ocrx_word' id='word_1_86' title='bbox 538 1102 686 1166; x_wconf 87' lang='lat' dir='ltr'>passuum</span> <span class='ocrx_word' id='word_1_87' title='bbox 702 1083 839 1152; x_wconf 86' lang='lat' dir='ltr'>aberant,</span> <span class='ocrx_word' id='word_1_88' title='bbox 860 1075 918 1136; x_wconf 90' lang='lat' dir='ltr'>sed</span> <span class='ocrx_word' id='word_1_89' title='bbox 935 1070 1037 1132; x_wconf 86' lang='lat' dir='ltr'>omnis</span> <span class='ocrx_word' id='word_1_90' title='bbox 1051 1067 1128 1141; x_wconf 84' lang='lat' dir='ltr'>regio</span> 
     </span>
     <span class='ocr_line' id='line_1_12' title="bbox 150 1152 1129 1250; baseline -0.044 1"><span class='ocrx_word' id='word_1_91' title='bbox 150 1191 189 1250; x_wconf 86' lang='lat' dir='ltr'>ad</span> <span class='ocrx_word' id='word_1_92' title='bbox 204 1190 294 1250; x_wconf 90' lang='lat' dir='ltr'>Dium</span> <span class='ocrx_word' id='word_1_93' title='bbox 308 1190 338 1244; x_wconf 90' lang='lat' dir='ltr'>et</span> <span class='ocrx_word' id='word_1_94' title='bbox 351 1179 468 1242; x_wconf 88' lang='lat' dir='ltr'>Philam</span> <span class='ocrx_word' id='word_1_95' title='bbox 482 1189 600 1249; x_wconf 87' lang='lat' dir='ltr'>oraque</span> <span class='ocrx_word' id='word_1_96' title='bbox 619 1167 713 1229; x_wconf 89' lang='lat' dir='ltr'>maris</span> <span class='ocrx_word' id='word_1_97' title='bbox 728 1166 788 1225; x_wconf 87' lang='lat' dir='ltr'>late</span> <span class='ocrx_word' id='word_1_98' title='bbox 804 1164 928 1237; x_wconf 86' lang='lat' dir='ltr'>patente</span> <span class='ocrx_word' id='word_1_99' title='bbox 943 1173 984 1215; x_wconf 89' lang='lat' dir='ltr'>ex</span> <span class='ocrx_word' id='word_1_100' title='bbox 999 1161 1062 1215; x_wconf 84' lang='lat' dir='ltr'>tarn</span> <span class='ocrx_word' id='word_1_101' title='bbox 1076 1152 1129 1213; x_wconf 85' lang='lat' dir='ltr'>alto</span> 
     </span>
     <span class='ocr_line' id='line_1_13' title="bbox 150 1233 1130 1348; baseline -0.041 -14"><span class='ocrx_word' id='word_1_102' title='bbox 150 1275 222 1348; x_wconf 88' lang='lat' dir='ltr'>iugo</span> <span class='ocrx_word' id='word_1_103' title='bbox 242 1271 410 1345; x_wconf 89' lang='lat' dir='ltr'>prospectu</span> <span class='ocrx_word' id='word_1_104' title='bbox 430 1259 527 1323; x_wconf 89' lang='lat' dir='ltr'>oculis</span> <span class='ocrx_word' id='word_1_105' title='bbox 548 1252 706 1317; x_wconf 79' lang='lat' dir='ltr'>subicitur.</span> <span class='ocrx_word' id='word_1_106' title='bbox 736 1261 817 1324; x_wconf 88' lang='lat' dir='ltr'>quae</span> <span class='ocrx_word' id='word_1_107' title='bbox 830 1259 884 1304; x_wconf 86' lang='lat' dir='ltr'>res</span> <span class='ocrx_word' id='word_1_108' title='bbox 898 1237 1042 1301; x_wconf 88' lang='lat' dir='ltr'>accendit</span> <span class='ocrx_word' id='word_1_109' title='bbox 1054 1233 1130 1295; x_wconf 91' lang='lat' dir='ltr'>militi</span> 
     </span>
     <span class='ocr_line' id='line_1_14' title="bbox 153 1318 1131 1425; baseline -0.04 -10"><span class='ocrx_word' id='word_1_110' title='bbox 153 1356 282 1425; x_wconf 86' lang='lat' dir='ltr'>animos,</span> <span class='ocrx_word' id='word_1_111' title='bbox 304 1355 468 1425; x_wconf 86' lang='lat' dir='ltr'>postquam</span> <span class='ocrx_word' id='word_1_112' title='bbox 483 1354 632 1402; x_wconf 88' lang='lat' dir='ltr'>summam</span> <span class='ocrx_word' id='word_1_113' title='bbox 646 1333 719 1394; x_wconf 89' lang='lat' dir='ltr'>belli</span> <span class='ocrx_word' id='word_1_114' title='bbox 734 1347 772 1392; x_wconf 88' lang='lat' dir='ltr'>ac</span> <span class='ocrx_word' id='word_1_115' title='bbox 785 1327 889 1404; x_wconf 82' lang='lat' dir='ltr'>regias</span> <span class='ocrx_word' id='word_1_116' title='bbox 904 1338 1014 1384; x_wconf 89' lang='lat' dir='ltr'>omnes</span> <span class='ocrx_word' id='word_1_117' title='bbox 1031 1318 1131 1393; x_wconf 86' lang='lat' dir='ltr'>copias</span> 
     </span>
    </p>
   </div>
   <div class='ocr_carea' id='block_1_4' title="bbox 154 1401 1133 1595">
    <p class='ocr_par' dir='ltr' id='par_1_4' title="bbox 154 1401 1133 1595">
     <span class='ocr_line' id='line_1_15' title="bbox 154 1401 1131 1507; baseline -0.038 -11"><span class='ocrx_word' id='word_1_118' title='bbox 154 1445 326 1507; x_wconf 89' lang='lat' dir='ltr'>terramque</span> <span class='ocrx_word' id='word_1_119' title='bbox 346 1428 488 1488; x_wconf 85' lang='lat' dir='ltr'>hostilem</span> <span class='ocrx_word' id='word_1_120' title='bbox 509 1431 571 1484; x_wconf 87' lang='lat' dir='ltr'>tam</span> <span class='ocrx_word' id='word_1_121' title='bbox 592 1417 802 1494; x_wconf 82' lang='lat' dir='ltr'>apropinquo</span> <span class='ocrx_word' id='word_1_122' title='bbox 819 1411 1062 1483; x_wconf 86' lang='lat' dir='ltr'>conspexerunt.</span> <span class='ocrx_word' id='word_1_123' title='bbox 1085 1401 1131 1461; x_wconf 79' lang='lat' dir='ltr'>ita</span> 
     </span>
     <span class='ocr_line' id='line_1_16' title="bbox 155 1487 1133 1595; baseline -0.034 -17"><span class='ocrx_word' id='word_1_124' title='bbox 155 1534 216 1595; x_wconf 89' lang='lat' dir='ltr'>que</span> <span class='ocrx_word' id='word_1_125' title='bbox 244 1530 312 1575; x_wconf 93' lang='lat' dir='ltr'>cum</span> <span class='ocrx_word' id='word_1_126' title='bbox 334 1514 468 1582; x_wconf 84' lang='lat' dir='ltr'>alacres,</span> <span class='ocrx_word' id='word_1_127' title='bbox 494 1506 634 1581; x_wconf 90' lang='lat' dir='ltr'>protinus</span> <span class='ocrx_word' id='word_1_128' title='bbox 662 1501 790 1560; x_wconf 89' lang='lat' dir='ltr'>duceret</span> <span class='ocrx_word' id='word_1_129' title='bbox 811 1495 851 1554; x_wconf 91' lang='lat' dir='ltr'>ad</span> <span class='ocrx_word' id='word_1_130' title='bbox 873 1497 977 1552; x_wconf 88' lang='lat' dir='ltr'>castra</span> <span class='ocrx_word' id='word_1_131' title='bbox 994 1487 1133 1554; x_wconf 86' lang='lat' dir='ltr'>hostium,</span> 
     </span>
    </p>
   </div>
   <div class='ocr_carea' id='block_1_5' title="bbox 100 1566 1147 3489">
    <p class='ocr_par' dir='ltr' id='par_1_5' title="bbox 100 1566 1145 3338">
     <span class='ocr_line' id='line_1_17' title="bbox 100 1566 1132 1662; baseline -0.036 1"><span class='ocrx_word' id='word_1_132' title='bbox 100 1615 102 1619; x_wconf 87' lang='grc'><em>·</em></span> <span class='ocrx_word' id='word_1_133' title='bbox 156 1601 314 1662; x_wconf 88' lang='lat' dir='ltr'>consulem</span> <span class='ocrx_word' id='word_1_134' title='bbox 333 1596 542 1662; x_wconf 84' lang='lat' dir='ltr'>hortarentur,</span> <span class='ocrx_word' id='word_1_135' title='bbox 566 1587 633 1647; x_wconf 88' lang='lat' dir='ltr'>dies</span> <span class='ocrx_word' id='word_1_136' title='bbox 656 1599 737 1644; x_wconf 89' lang='lat' dir='ltr'>unus</span> <span class='ocrx_word' id='word_1_137' title='bbox 761 1578 855 1640; x_wconf 80' lang='lat' dir='ltr'>fessis</span> <span class='ocrx_word' id='word_1_138' title='bbox 881 1575 990 1636; x_wconf 89' lang='lat' dir='ltr'>labore</span> <span class='ocrx_word' id='word_1_139' title='bbox 1012 1571 1080 1630; x_wconf 89' lang='lat' dir='ltr'>viae</span> <span class='ocrx_word' id='word_1_140' title='bbox 1100 1566 1132 1626; x_wconf 85' lang='lat' dir='ltr'>ad</span> 
     </span>
     <span class='ocr_line' id='line_1_18' title="bbox 158 1650 1134 1760; baseline -0.036 -16"><span class='ocrx_word' id='word_1_141' title='bbox 158 1686 289 1760; x_wconf 86' lang='lat' dir='ltr'>quietem</span> <span class='ocrx_word' id='word_1_142' title='bbox 311 1679 400 1738; x_wconf 90' lang='lat' dir='ltr'>datus</span> <span class='ocrx_word' id='word_1_143' title='bbox 421 1682 478 1734; x_wconf 91' lang='lat' dir='ltr'>est.</span> <span class='ocrx_word' id='word_1_144' title='bbox 500 1671 590 1732; x_wconf 89' lang='lat' dir='ltr'>tertio</span> <span class='ocrx_word' id='word_1_145' title='bbox 611 1669 670 1741; x_wconf 87' lang='lat' dir='ltr'>die,</span> <span class='ocrx_word' id='word_1_146' title='bbox 693 1673 779 1742; x_wconf 88' lang='lat' dir='ltr'>parte</span> <span class='ocrx_word' id='word_1_147' title='bbox 794 1661 954 1736; x_wconf 88' lang='lat' dir='ltr'>copiarum</span> <span class='ocrx_word' id='word_1_148' title='bbox 970 1655 1011 1714; x_wconf 87' lang='lat' dir='ltr'>ad</span> <span class='ocrx_word' id='word_1_149' title='bbox 1026 1650 1134 1728; x_wconf 88' lang='lat' dir='ltr'>praesi-</span> 
     </span>
     <span class='ocr_line' id='line_1_19' title="bbox 158 1735 1134 1828; baseline -0.036 0"><span class='ocrx_word' id='word_1_150' title='bbox 158 1769 240 1828; x_wconf 91' lang='lat' dir='ltr'>dium</span> <span class='ocrx_word' id='word_1_151' title='bbox 256 1771 425 1824; x_wconf 90' lang='lat' dir='ltr'>castrorum</span> <span class='ocrx_word' id='word_1_152' title='bbox 439 1757 554 1825; x_wconf 84' lang='lat' dir='ltr'>relicta,</span> <span class='ocrx_word' id='word_1_153' title='bbox 570 1753 678 1814; x_wconf 89' lang='lat' dir='ltr'>consul</span> <span class='ocrx_word' id='word_1_154' title='bbox 694 1750 733 1809; x_wconf 94' lang='lat' dir='ltr'>ad</span> <span class='ocrx_word' id='word_1_155' title='bbox 749 1747 872 1808; x_wconf 88' lang='lat' dir='ltr'>hostem</span> <span class='ocrx_word' id='word_1_156' title='bbox 884 1738 977 1802; x_wconf 88' lang='lat' dir='ltr'>ducit.</span> <span class='ocrx_word' id='word_1_157' title='bbox 1000 1736 1054 1797; x_wconf 83' lang='lat' dir='ltr'>lv.</span> <span class='ocrx_word' id='word_1_158' title='bbox 1068 1735 1134 1808; x_wconf 89' lang='lat' dir='ltr'>Hip-</span> 
     </span>
     <span class='ocr_line' id='line_1_20' title="bbox 158 1813 1135 1926; baseline -0.038 -16"><span class='ocrx_word' id='word_1_159' title='bbox 158 1851 226 1926; x_wconf 89' lang='lat' dir='ltr'>pias</span> <span class='ocrx_word' id='word_1_160' title='bbox 243 1863 342 1922; x_wconf 88' lang='lat' dir='ltr'>nuper</span> <span class='ocrx_word' id='word_1_161' title='bbox 363 1845 401 1904; x_wconf 87' lang='lat' dir='ltr'>ad</span> <span class='ocrx_word' id='word_1_162' title='bbox 417 1841 562 1902; x_wconf 89' lang='lat' dir='ltr'>tuendum</span> <span class='ocrx_word' id='word_1_163' title='bbox 583 1833 748 1896; x_wconf 83' lang='lat' dir='ltr'>saltumab</span> <span class='ocrx_word' id='word_1_164' title='bbox 763 1845 838 1904; x_wconf 90' lang='lat' dir='ltr'>rege</span> <span class='ocrx_word' id='word_1_165' title='bbox 853 1827 970 1886; x_wconf 91' lang='lat' dir='ltr'>missus</span> <span class='ocrx_word' id='word_1_166' title='bbox 985 1827 1068 1888; x_wconf 88' lang='lat' dir='ltr'>erat;</span> <span class='ocrx_word' id='word_1_167' title='bbox 1091 1813 1135 1891; x_wconf 88' lang='lat' dir='ltr'>qni</span> 
     </span>
     <span class='ocr_line' id='line_1_21' title="bbox 160 1898 1136 2006; baseline -0.034 -14"><span class='ocrx_word' id='word_1_168' title='bbox 160 1951 199 1992; x_wconf 89' lang='lat' dir='ltr'>ex</span> <span class='ocrx_word' id='word_1_169' title='bbox 215 1947 276 2006; x_wconf 86' lang='lat' dir='ltr'>quo</span> <span class='ocrx_word' id='word_1_170' title='bbox 292 1937 394 1989; x_wconf 89' lang='lat' dir='ltr'>castra</span> <span class='ocrx_word' id='word_1_171' title='bbox 407 1928 548 1986; x_wconf 87' lang='lat' dir='ltr'>Romana</span> <span class='ocrx_word' id='word_1_172' title='bbox 561 1921 591 1980; x_wconf 93' lang='lat' dir='ltr'>in</span> <span class='ocrx_word' id='word_1_173' title='bbox 607 1917 722 1980; x_wconf 88' lang='lat' dir='ltr'>tumulo</span> <span class='ocrx_word' id='word_1_174' title='bbox 745 1908 925 1986; x_wconf 87' lang='lat' dir='ltr'>conspexit,</span> <span class='ocrx_word' id='word_1_175' title='bbox 950 1898 1136 1980; x_wconf 87' lang='lat' dir='ltr'>praeparatis</span> 
     </span>
     <span class='ocr_line' id='line_1_22' title="bbox 120 1983 1136 2074; baseline -0.033 2"><span class='ocrx_word' id='word_1_176' title='bbox 120 2055 125 2068; x_wconf 87' lang='lat'><em>·</em></span> <span class='ocrx_word' id='word_1_177' title='bbox 162 2017 201 2074; x_wconf 84' lang='lat' dir='ltr'>ad</span> <span class='ocrx_word' id='word_1_178' title='bbox 216 2021 368 2073; x_wconf 88' lang='lat' dir='ltr'>certamen</span> <span class='ocrx_word' id='word_1_179' title='bbox 390 2008 497 2069; x_wconf 86' lang='lat' dir='ltr'>animis</span> <span class='ocrx_word' id='word_1_180' title='bbox 518 2020 644 2066; x_wconf 89' lang='lat' dir='ltr'>suorum</span> <span class='ocrx_word' id='word_1_181' title='bbox 659 1997 792 2060; x_wconf 93' lang='lat' dir='ltr'>venienti</span> <span class='ocrx_word' id='word_1_182' title='bbox 809 1991 922 2070; x_wconf 86' lang='lat' dir='ltr'>agmini</span> <span class='ocrx_word' id='word_1_183' title='bbox 937 1987 1076 2050; x_wconf 89' lang='lat' dir='ltr'>consulis</span> <span class='ocrx_word' id='word_1_184' title='bbox 1090 1983 1136 2043; x_wconf 90' lang='lat' dir='ltr'>ob·</span> 
     </span>
     <span class='ocr_line' id='line_1_23' title="bbox 164 2069 1137 2161; baseline -0.028 -7"><span class='ocrx_word' id='word_1_185' title='bbox 164 2099 230 2156; x_wconf 87' lang='lat' dir='ltr'>vius</span> <span class='ocrx_word' id='word_1_186' title='bbox 251 2093 315 2153; x_wconf 87' lang='lat' dir='ltr'>luit.</span> <span class='ocrx_word' id='word_1_187' title='bbox 335 2100 365 2151; x_wconf 89' lang='lat' dir='ltr'>et</span> <span class='ocrx_word' id='word_1_188' title='bbox 384 2089 515 2150; x_wconf 90' lang='lat' dir='ltr'>Romani</span> <span class='ocrx_word' id='word_1_189' title='bbox 530 2086 665 2161; x_wconf 85' lang='lat' dir='ltr'>expediti</span> <span class='ocrx_word' id='word_1_190' title='bbox 686 2083 727 2142; x_wconf 90' lang='lat' dir='ltr'>ad</span> <span class='ocrx_word' id='word_1_191' title='bbox 740 2093 875 2156; x_wconf 90' lang='lat' dir='ltr'>pugnam</span> <span class='ocrx_word' id='word_1_192' title='bbox 890 2073 1032 2134; x_wconf 84' lang='lat' dir='ltr'>exierant</span> <span class='ocrx_word' id='word_1_193' title='bbox 1046 2076 1077 2130; x_wconf 93' lang='lat' dir='ltr'>et</span> <span class='ocrx_word' id='word_1_194' title='bbox 1089 2069 1137 2127; x_wconf 94' lang='lat' dir='ltr'>ho-</span> 
     </span>
     <span class='ocr_line' id='line_1_24' title="bbox 163 2155 1137 2242; baseline -0.026 -4"><span class='ocrx_word' id='word_1_195' title='bbox 163 2185 242 2238; x_wconf 85' lang='lat' dir='ltr'>stes:</span> <span class='ocrx_word' id='word_1_196' title='bbox 258 2175 334 2234; x_wconf 87' lang='lat' dir='ltr'>levis</span> <span class='ocrx_word' id='word_1_197' title='bbox 348 2179 500 2232; x_wconf 86' lang='lat' dir='ltr'>armatura</span> <span class='ocrx_word' id='word_1_198' title='bbox 510 2177 584 2242; x_wconf 88' lang='lat' dir='ltr'>erat,</span> <span class='ocrx_word' id='word_1_199' title='bbox 599 2162 863 2242; x_wconf 87' lang='lat' dir='ltr'>promptissimum</span> <span class='ocrx_word' id='word_1_200' title='bbox 878 2174 979 2236; x_wconf 89' lang='lat' dir='ltr'>genus</span> <span class='ocrx_word' id='word_1_201' title='bbox 993 2156 1035 2218; x_wconf 86' lang='lat' dir='ltr'>ad</span> <span class='ocrx_word' id='word_1_202' title='bbox 1049 2155 1137 2216; x_wconf 87' lang='lat' dir='ltr'>laces·</span> 
     </span>
     <span class='ocr_line' id='line_1_25' title="bbox 164 2241 1138 2327; baseline -0.023 -9"><span class='ocrx_word' id='word_1_203' title='bbox 164 2259 293 2320; x_wconf 89' lang='lat' dir='ltr'>sendum</span> <span class='ocrx_word' id='word_1_204' title='bbox 314 2262 477 2315; x_wconf 89' lang='lat' dir='ltr'>certamen.</span> <span class='ocrx_word' id='word_1_205' title='bbox 508 2251 670 2327; x_wconf 82' lang='lat' dir='ltr'>congressi</span> <span class='ocrx_word' id='word_1_206' title='bbox 696 2249 788 2324; x_wconf 86' lang='lat' dir='ltr'>igitur</span> <span class='ocrx_word' id='word_1_207' title='bbox 812 2245 970 2318; x_wconf 87' lang='lat' dir='ltr'>extemplo</span> <span class='ocrx_word' id='word_1_208' title='bbox 991 2241 1054 2303; x_wconf 86' lang='lat' dir='ltr'>tela</span> <span class='ocrx_word' id='word_1_209' title='bbox 1075 2255 1138 2299; x_wconf 92' lang='lat' dir='ltr'>con·</span> 
     </span>
     <span class='ocr_line' id='line_1_26' title="bbox 164 2326 1139 2410; baseline -0.019 -10"><span class='ocrx_word' id='word_1_210' title='bbox 164 2342 313 2409; x_wconf 79' lang='lat' dir='ltr'>iecerunt3</span> <span class='ocrx_word' id='word_1_211' title='bbox 342 2339 436 2397; x_wconf 90' lang='lat' dir='ltr'>multa</span> <span class='ocrx_word' id='word_1_212' title='bbox 455 2335 609 2410; x_wconf 87' lang='lat' dir='ltr'>utrimque</span> <span class='ocrx_word' id='word_1_213' title='bbox 635 2336 764 2394; x_wconf 86' lang='lat' dir='ltr'>vulnera</span> <span class='ocrx_word' id='word_1_214' title='bbox 786 2329 949 2394; x_wconf 84' lang='lat' dir='ltr'>temerario</span> <span class='ocrx_word' id='word_1_215' title='bbox 972 2326 1139 2386; x_wconf 86' lang='lat' dir='ltr'>incursuet</span> 
     </span>
     <span class='ocr_line' id='line_1_27' title="bbox 165 2404 1140 2520; baseline -0.017 -38"><span class='ocrx_word' id='word_1_216' title='bbox 165 2429 292 2520; x_wconf 77' lang='lat' dir='ltr'>accepta</span> <span class='ocrx_word' id='word_1_217' title='bbox 313 2427 343 2481; x_wconf 90' lang='lat' dir='ltr'>et</span> <span class='ocrx_word' id='word_1_218' title='bbox 356 2421 453 2480; x_wconf 85' lang='lat' dir='ltr'>illata=</span> <span class='ocrx_word' id='word_1_219' title='bbox 476 2420 567 2495; x_wconf 90' lang='lat' dir='ltr'>pauci</span> <span class='ocrx_word' id='word_1_220' title='bbox 582 2419 744 2491; x_wconf 88' lang='lat' dir='ltr'>utriusque</span> <span class='ocrx_word' id='word_1_221' title='bbox 760 2413 857 2489; x_wconf 91' lang='lat' dir='ltr'>partis</span> <span class='ocrx_word' id='word_1_222' title='bbox 873 2410 1061 2471; x_wconf 86' lang='lat' dir='ltr'>ceciderunt.</span> <span class='ocrx_word' id='word_1_223' title='bbox 1083 2404 1140 2465; x_wconf 83' lang='lat' dir='ltr'>irri-</span> 
     </span>
     <span class='ocr_line' id='line_1_28' title="bbox 165 2492 1142 2602; baseline -0.019 -38"><span class='ocrx_word' id='word_1_224' title='bbox 165 2512 235 2602; x_wconf 76' lang='lat' dir='ltr'>tatis</span> <span class='ocrx_word' id='word_1_225' title='bbox 260 2506 291 2602; x_wconf 80' lang='lat' dir='ltr'>in</span> <span class='ocrx_word' id='word_1_226' title='bbox 317 2512 475 2579; x_wconf 86' lang='lat' dir='ltr'>posterum</span> <span class='ocrx_word' id='word_1_227' title='bbox 501 2504 581 2563; x_wconf 88' lang='lat' dir='ltr'>diem</span> <span class='ocrx_word' id='word_1_228' title='bbox 607 2500 716 2562; x_wconf 90' lang='lat' dir='ltr'>animis</span> <span class='ocrx_word' id='word_1_229' title='bbox 737 2496 907 2558; x_wconf 89' lang='lat' dir='ltr'>maioribus</span> <span class='ocrx_word' id='word_1_230' title='bbox 931 2492 1033 2568; x_wconf 88' lang='lat' dir='ltr'>copiis</span> <span class='ocrx_word' id='word_1_231' title='bbox 1058 2498 1142 2562; x_wconf 79' lang='lat' dir='ltr'>atque</span> 
     </span>
     <span class='ocr_line' id='line_1_29' title="bbox 166 2573 1142 2684; baseline -0.017 -37"><span class='ocrx_word' id='word_1_232' title='bbox 166 2590 307 2684; x_wconf 76' lang='lat' dir='ltr'>infestius</span> <span class='ocrx_word' id='word_1_233' title='bbox 322 2602 504 2647; x_wconf 91' lang='lat' dir='ltr'>concursum</span> <span class='ocrx_word' id='word_1_234' title='bbox 520 2587 559 2646; x_wconf 89' lang='lat' dir='ltr'>ab</span> <span class='ocrx_word' id='word_1_235' title='bbox 575 2587 643 2657; x_wconf 91' lang='lat' dir='ltr'>illis,</span> <span class='ocrx_word' id='word_1_236' title='bbox 670 2582 697 2643; x_wconf 90' lang='lat' dir='ltr'>si</span> <span class='ocrx_word' id='word_1_237' title='bbox 712 2580 772 2642; x_wconf 91' lang='lat' dir='ltr'>loci</span> <span class='ocrx_word' id='word_1_238' title='bbox 788 2579 864 2641; x_wconf 89' lang='lat' dir='ltr'>satis</span> <span class='ocrx_word' id='word_1_239' title='bbox 879 2579 921 2638; x_wconf 87' lang='lat' dir='ltr'>ad</span> <span class='ocrx_word' id='word_1_240' title='bbox 935 2573 1142 2652; x_wconf 86' lang='lat' dir='ltr'>explicandam</span> 
     </span>
     <span class='ocr_line' id='line_1_30' title="bbox 167 2662 1142 2766; baseline -0.015 -37"><span class='ocrx_word' id='word_1_241' title='bbox 167 2672 402 2766; x_wconf 26' lang='lat' dir='ltr'>aoremuiuissetr</span> <span class='ocrx_word' id='word_1_242' title='bbox 424 2669 528 2744; x_wconf 90' lang='lat' dir='ltr'>iugum</span> <span class='ocrx_word' id='word_1_243' title='bbox 543 2669 654 2729; x_wconf 90' lang='lat' dir='ltr'>montis</span> <span class='ocrx_word' id='word_1_244' title='bbox 667 2663 699 2726; x_wconf 89' lang='lat' dir='ltr'>in</span> <span class='ocrx_word' id='word_1_245' title='bbox 715 2671 878 2740; x_wconf 89' lang='lat' dir='ltr'>angustum</span> <span class='ocrx_word' id='word_1_246' title='bbox 894 2662 1023 2721; x_wconf 88' lang='lat' dir='ltr'>dorsum</span> <span class='ocrx_word' id='word_1_247' title='bbox 1040 2670 1142 2718; x_wconf 88' lang='lat' dir='ltr'>cunea-</span> 
     </span>
     <span class='ocr_line' id='line_1_31' title="bbox 167 2739 1143 2819; baseline -0.014 -9"><span class='ocrx_word' id='word_1_248' title='bbox 167 2757 231 2810; x_wconf 88' lang='lat' dir='ltr'>tum</span> <span class='ocrx_word' id='word_1_249' title='bbox 245 2769 298 2810; x_wconf 89' lang='lat' dir='ltr'>vrx</span> <span class='ocrx_word' id='word_1_250' title='bbox 320 2753 414 2812; x_wconf 88' lang='lat' dir='ltr'>ternis</span> <span class='ocrx_word' id='word_1_251' title='bbox 430 2752 589 2811; x_wconf 89' lang='lat' dir='ltr'>ordinibus</span> <span class='ocrx_word' id='word_1_252' title='bbox 604 2757 790 2810; x_wconf 89' lang='lat' dir='ltr'>armatorum</span> <span class='ocrx_word' id='word_1_253' title='bbox 804 2747 836 2808; x_wconf 94' lang='lat' dir='ltr'>in</span> <span class='ocrx_word' id='word_1_254' title='bbox 851 2749 954 2807; x_wconf 83' lang='lat' dir='ltr'>fronte</span> <span class='ocrx_word' id='word_1_255' title='bbox 970 2741 1075 2819; x_wconf 88' lang='lat' dir='ltr'>patuit.</span> <span class='ocrx_word' id='word_1_256' title='bbox 1096 2739 1143 2797; x_wconf 84' lang='lat' dir='ltr'>iu·</span> 
     </span>
     <span class='ocr_line' id='line_1_32' title="bbox 170 2817 1143 2928; baseline -0.011 -38"><span class='ocrx_word' id='word_1_257' title='bbox 170 2849 230 2906; x_wconf 89' lang='lat' dir='ltr'>que</span> <span class='ocrx_word' id='word_1_258' title='bbox 246 2835 358 2928; x_wconf 30' lang='lat' dir='ltr'>&#39;paucis</span> <span class='ocrx_word' id='word_1_259' title='bbox 380 2834 586 2908; x_wconf 83' lang='lat' dir='ltr'>pugnantibus</span> <span class='ocrx_word' id='word_1_260' title='bbox 609 2840 710 2894; x_wconf 87' lang='lat' dir='ltr'>cetera</span> <span class='ocrx_word' id='word_1_261' title='bbox 724 2831 896 2902; x_wconf 87' lang='lat' dir='ltr'>multitudo,</span> <span class='ocrx_word' id='word_1_262' title='bbox 917 2827 1085 2904; x_wconf 87' lang='lat' dir='ltr'>praecipue</span> <span class='ocrx_word' id='word_1_263' title='bbox 1098 2817 1143 2896; x_wconf 90' lang='lat' dir='ltr'>qui</span> 
     </span>
     <span class='ocr_line' id='line_1_33' title="bbox 169 2905 1143 3010; baseline -0.009 -40"><span class='ocrx_word' id='word_1_264' title='bbox 169 2929 308 3006; x_wconf 75' lang='lat' dir='ltr'>gravium</span> <span class='ocrx_word' id='word_1_265' title='bbox 322 2930 471 3010; x_wconf 81' lang='lat' dir='ltr'>armorum</span> <span class='ocrx_word' id='word_1_266' title='bbox 488 2923 582 2987; x_wconf 89' lang='lat' dir='ltr'>crant,</span> <span class='ocrx_word' id='word_1_267' title='bbox 604 2923 797 2992; x_wconf 89' lang='lat' dir='ltr'>spectatores</span> <span class='ocrx_word' id='word_1_268' title='bbox 813 2927 937 2990; x_wconf 81' lang='lat' dir='ltr'>pugnae</span> <span class='ocrx_word' id='word_1_269' title='bbox 952 2909 1088 2971; x_wconf 77' lang='lat' dir='ltr'>stabant:</span> <span class='ocrx_word' id='word_1_270' title='bbox 1107 2905 1143 2961; x_wconf 87' lang='lat' dir='ltr'>lc·</span> 
     </span>
     <span class='ocr_line' id='line_1_34' title="bbox 169 2985 1144 3090; baseline -0.009 -35"><span class='ocrx_word' id='word_1_271' title='bbox 169 3011 217 3053; x_wconf 83' lang='lat' dir='ltr'>vrs</span> <span class='ocrx_word' id='word_1_272' title='bbox 239 3003 392 3090; x_wconf 76' lang='lat' dir='ltr'>armatura</span> <span class='ocrx_word' id='word_1_273' title='bbox 412 3003 501 3054; x_wconf 85' lang='lat' dir='ltr'>otram</span> <span class='ocrx_word' id='word_1_274' title='bbox 522 3013 578 3070; x_wconf 92' lang='lat' dir='ltr'>per</span> <span class='ocrx_word' id='word_1_275' title='bbox 593 3001 758 3060; x_wconf 78' lang='lat' dir='ltr'>amfractus</span> <span class='ocrx_word' id='word_1_276' title='bbox 773 2999 836 3072; x_wconf 90' lang='lat' dir='ltr'>iugi</span> <span class='ocrx_word' id='word_1_277' title='bbox 852 3009 1056 3072; x_wconf 90' lang='lat' dir='ltr'>procurrere,</span> <span class='ocrx_word' id='word_1_278' title='bbox 1073 2996 1101 3049; x_wconf 88' lang='lat' dir='ltr'>et</span> <span class='ocrx_word' id='word_1_279' title='bbox 1112 2985 1144 3044; x_wconf 84' lang='lat' dir='ltr'>ab</span> 
     </span>
     <span class='ocr_line' id='line_1_35' title="bbox 170 3077 1145 3155; baseline -0.006 -21"><span class='ocrx_word' id='word_1_280' title='bbox 170 3077 316 3136; x_wconf 80' lang='lat' dir='ltr'>lateribus</span> <span class='ocrx_word' id='word_1_281' title='bbox 339 3093 406 3137; x_wconf 92' lang='lat' dir='ltr'>cum</span> <span class='ocrx_word' id='word_1_282' title='bbox 420 3078 480 3135; x_wconf 92' lang='lat' dir='ltr'>levi</span> <span class='ocrx_word' id='word_1_283' title='bbox 494 3087 647 3140; x_wconf 87' lang='lat' dir='ltr'>armatura</span> <span class='ocrx_word' id='word_1_284' title='bbox 668 3096 849 3153; x_wconf 87' lang='lat' dir='ltr'>conserere,</span> <span class='ocrx_word' id='word_1_285' title='bbox 872 3095 930 3155; x_wconf 91' lang='lat' dir='ltr'>per</span> <span class='ocrx_word' id='word_1_286' title='bbox 943 3078 1053 3151; x_wconf 82' lang='lat' dir='ltr'>iniqua</span> <span class='ocrx_word' id='word_1_287' title='bbox 1065 3079 1145 3147; x_wconf 84' lang='lat' dir='ltr'>atque</span> 
     </span>
     <span class='ocr_line' id='line_1_36' title="bbox 171 3151 1145 3256; baseline -0.006 -40"><span class='ocrx_word' id='word_1_288' title='bbox 171 3161 356 3256; x_wconf 82' lang='lat' dir='ltr'>aequaloca</span> <span class='ocrx_word' id='word_1_289' title='bbox 372 3174 504 3253; x_wconf 80' lang='lat' dir='ltr'>pugnam</span> <span class='ocrx_word' id='word_1_290' title='bbox 519 3169 632 3235; x_wconf 89' lang='lat' dir='ltr'>petere.</span> <span class='ocrx_word' id='word_1_291' title='bbox 661 3181 699 3225; x_wconf 88' lang='lat' dir='ltr'>ac</span> <span class='ocrx_word' id='word_1_292' title='bbox 714 3165 854 3240; x_wconf 90' lang='lat' dir='ltr'>pluribus</span> <span class='ocrx_word' id='word_1_293' title='bbox 870 3179 908 3222; x_wconf 89' lang='lat' dir='ltr'>ea</span> <span class='ocrx_word' id='word_1_294' title='bbox 923 3160 975 3220; x_wconf 90' lang='lat' dir='ltr'>die</span> <span class='ocrx_word' id='word_1_295' title='bbox 988 3151 1145 3220; x_wconf 89' lang='lat' dir='ltr'>vulneratis</span> 
     </span>
     <span class='ocr_line' id='line_1_37' title="bbox 173 3243 992 3338; baseline 0.004 -39"><span class='ocrx_word' id='word_1_296' title='bbox 173 3257 265 3313; x_wconf 83' lang='lat' dir='ltr'>quam</span> <span class='ocrx_word' id='word_1_297' title='bbox 280 3243 445 3338; x_wconf 78' lang='lat' dir='ltr'>interiectis</span> <span class='ocrx_word' id='word_1_298' title='bbox 461 3243 609 3314; x_wconf 87' lang='lat' dir='ltr'>proelium</span> <span class='ocrx_word' id='word_1_299' title='bbox 625 3256 719 3308; x_wconf 91' lang='lat' dir='ltr'>nocte</span> <span class='ocrx_word' id='word_1_300' title='bbox 734 3249 918 3323; x_wconf 87' lang='lat' dir='ltr'>diremptum</span> <span class='ocrx_word' id='word_1_301' title='bbox 932 3251 992 3305; x_wconf 86' lang='lat' dir='ltr'>est.</span> 
     </span>
    </p>

    <p class='ocr_par' dir='ltr' id='par_1_6' title="bbox 176 3323 1147 3489">
     <span class='ocr_line' id='line_1_38' title="bbox 256 3323 1146 3419; baseline -0.002 -39"><span class='ocrx_word' id='word_1_302' title='bbox 256 3324 357 3384; x_wconf 81' lang='lat' dir='ltr'>Tertio</span> <span class='ocrx_word' id='word_1_303' title='bbox 378 3323 427 3380; x_wconf 87' lang='lat' dir='ltr'>dre</span> <span class='ocrx_word' id='word_1_304' title='bbox 442 3339 541 3419; x_wconf 35' lang='lat' dir='ltr'>&#39;cgere</span> <span class='ocrx_word' id='word_1_305' title='bbox 562 3327 692 3390; x_wconf 90' lang='lat' dir='ltr'>consilio</span> <span class='ocrx_word' id='word_1_306' title='bbox 707 3332 867 3392; x_wconf 89' lang='lat' dir='ltr'>Romanus</span> <span class='ocrx_word' id='word_1_307' title='bbox 882 3331 1066 3402; x_wconf 81' lang='lat' dir='ltr'>imperator:</span> <span class='ocrx_word' id='word_1_308' title='bbox 1086 3332 1146 3382; x_wconf 81' lang='lat' dir='ltr'>naut</span> 
     </span>
     <span class='ocr_line' id='line_1_39' title="bbox 176 3400 1147 3489; baseline -0.019 -12"><span class='ocrx_word' id='word_1_309' title='bbox 176 3417 276 3476; x_wconf 67' lang='lat' dir='ltr'>neque</span> <span class='ocrx_word' id='word_1_310' title='bbox 297 3419 420 3466; x_wconf 75' lang='lat' dir='ltr'>manere</span> <span class='ocrx_word' id='word_1_311' title='bbox 441 3421 470 3463; x_wconf 80' lang='lat' dir='ltr'>tn</span> <span class='ocrx_word' id='word_1_312' title='bbox 492 3421 563 3478; x_wconf 79' lang='lat' dir='ltr'>lugo</span> <span class='ocrx_word' id='word_1_313' title='bbox 585 3409 668 3482; x_wconf 87' lang='lat' dir='ltr'>inopi</span> <span class='ocrx_word' id='word_1_314' title='bbox 690 3430 794 3489; x_wconf 89' lang='lat' dir='ltr'>neque</span> <span class='ocrx_word' id='word_1_315' title='bbox 813 3411 936 3486; x_wconf 87' lang='lat' dir='ltr'>regredi</span> <span class='ocrx_word' id='word_1_316' title='bbox 959 3411 1028 3470; x_wconf 91' lang='lat' dir='ltr'>sine</span> <span class='ocrx_word' id='word_1_317' title='bbox 1043 3400 1147 3480; x_wconf 84' lang='lat' dir='ltr'>flagitio</span> 
     </span>
    </p>
   </div>
   <div class='ocr_carea' id='block_1_6' title="bbox 0 0 1222 3862">
    <p class='ocr_par' dir='ltr' id='par_1_7' title="bbox 0 0 1222 3862">
     <span class='ocr_line' id='line_1_40' title="bbox 0 0 1222 3862; baseline 0 0"><span class='ocrx_word' id='word_1_318' title='bbox 0 0 1222 3862; x_wconf 95' lang='lat' dir='ltr'> </span> 
     </span>
    </p>
   </div>
  </div>
 </body>
</html>
