2328 3870
104 219 167 285 108
315 217 431 279 LIBER
443 216 519 278 XLI.
536 215 656 280 CAH.
673 221 756 291 [nU.
770 221 869 292 call]

99 380 162 434 turn
178 371 291 430 lactum
301 375 357 441 est,
373 374 407 430 ut
419 369 563 428 consules
575 367 653 428 inter
666 383 701 432 se
713 375 936 450 compararent,
950 377 1017 430 uter
1029 383 1080 432 ec

99 473 166 517 rum
188 454 228 514 ad
244 453 365 513 comitia
386 451 529 511 habenda
543 452 670 512 Romam
686 452 807 511 rediret.
840 467 908 514 oum
925 451 1083 516 absentem

98 539 245 600 Manlium
264 535 375 598 tribuni
391 535 489 610 plebls
503 533 636 598 Licinius
651 535 752 596 Nerva
765 543 796 598 et
810 535 841 596 C.
854 535 995 614 Papirius
1009 537 1084 597 Tur-

99 625 158 684 dus
173 623 202 682 in
220 618 414 686 contionibus
437 620 621 693 lacerarent,
639 619 894 696 rogationemque
908 621 1085 696 promulga-

98 713 175 779 rent,
191 719 231 765 ne
244 704 376 764 Manlius
391 709 464 779 post
476 704 549 766 idus
562 703 741 764 Martias-
752 711 936 780 prorogatae
950 719 1087 784 namque

37 822 40 834 ·
99 789 279 851 consulibus
304 789 364 848 iam
384 786 414 846 in
436 802 549 849 annum
570 787 747 862 provinciae
768 796 911 850 erant-
924 788 1085 864 imperium

98 874 254 947 retineret,
270 873 315 932 uti
328 887 453 932 eausam
467 873 623 947 extemplo
637 871 756 944 dicere,
771 887 840 934 cum
858 871 975 935 abisset
989 871 1085 946 magi-

98 965 204 1027 strata,
221 964 338 1032 posset,
354 956 424 1016 huic
437 955 588 1031 rogationi
601 954 635 1028 Q.
647 955 752 1016 Aelius
768 957 888 1032 collega
902 957 1086 1034 intercessit,

98 1041 280 1117 magnisque
294 1039 539 1102 contentionibus
554 1039 691 1113 obtinuit
707 1055 746 1099 ne
760 1041 955 1118 perterretur.

185 1125 245 1185 Per
263 1140 319 1185 eos
341 1124 409 1186 dies
428 1125 471 1186 Ti.
487 1122 688 1200 Sempronius
705 1123 861 1186 Gracchus
883 1132 913 1184 et
926 1123 959 1184 L.
973 1122 1086 1186 Postu·

97 1210 176 1272 mius
191 1211 321 1270 Albinus
336 1225 375 1270 ex
386 1209 534 1284 Hispania
544 1209 672 1270 Romam
686 1219 758 1270 eum
771 1209 978 1282 revertissent,
993 1225 1086 1270 sena

98 1300 146 1356 lus
167 1295 205 1355 iis
225 1309 244 1353 a
263 1293 303 1353 nt
324 1294 432 1354 Titinio
453 1299 593 1367 praetore
616 1292 706 1354 datus
726 1293 756 1352 in
778 1293 855 1354 aede
875 1293 1023 1354 Bellonae
1044 1293 1087 1354 ad

98 1377 300 1438 disserendas
316 1391 368 1436 res
385 1391 462 1450 quas
478 1376 652 1450 gessissent
665 1376 933 1453 postulandosque
946 1377 1088 1439 honores
1163 1414 1164 1417 =

97 1461 231 1532 meritos,
248 1466 283 1519 ut
296 1459 356 1519 diis
370 1458 590 1522 immortalibus
605 1458 768 1522 haberetur
781 1461 893 1522 honos.
1074 1537 1076 1542 Ι

36 1559 38 1564 ·
181 1543 300 1604 Eodem
323 1549 462 1617 tempore
486 1550 519 1604 et
537 1544 568 1604 in
589 1541 730 1604 Sardinia
755 1560 898 1620 magnum
922 1545 1088 1608 iumentum

97 1643 169 1688 esse
184 1628 290 1688 litteris
305 1627 338 1687 Τ.
352 1626 475 1688 Aebutii
491 1626 642 1702 praetoris
657 1628 811 1702 cognitum
825 1636 886 1700 est,
907 1644 985 1702 quas
1001 1627 1087 1690 filius

97 1712 162 1772 eius
183 1713 224 1772 ad
245 1717 385 1772 senatum
402 1713 549 1773 attulerat
584 1710 713 1773 Ilienses
734 1711 885 1772 adiunctis
902 1711 1087 1772 Balarorum

97 1795 218 1858 auxiliis
241 1801 380 1872 pecatum
395 1793 587 1872 provinciam
600 1791 789 1869 invaserant,
813 1811 870 1874 nec
885 1795 930 1856 eis
945 1794 1088 1860 invalido

98 1882 236 1942 exercitu
257 1887 288 1940 ct
302 1895 414 1954 magna
427 1885 515 1954 parta
530 1877 703 1954 purulentia
717 1877 883 1955 absumpto
894 1879 998 1940 resisti
1015 1887 1088 1956 pot-

97 1971 172 2025 erat.
207 1961 315 2024 eadem
336 1971 367 2023 et
388 1961 553 2024 Sardorum
578 1963 668 2036 legati
689 1963 866 2025 nuntiabant
886 1970 1028 2036 orantcS,
1054 1971 1089 2030 ut

96 2049 225 2109 urbibus
240 2047 463 2107 saltem-iam
474 2044 554 2108 eninr
565 2061 659 2120 agros
669 2046 848 2121 deploratos
861 2062 981 2124 esse:-
990 2063 1089 2122 opem

96 2139 223 2192 senatus
238 2131 338 2188 terret
363 2129 441 2188 baec
455 2129 566 2204 legatio
582 2134 738 2204 totumque
754 2131 837 2205 quod
852 2131 892 2191 ad
907 2128 1088 2193 Sardiniam

96 2211 266 2291 pertinebat
279 2213 320 2272 ad
333 2228 439 2274 novos
447 2213 644 2288 magistratus
658 2213 802 2276 reiectum
818 2220 876 2274 est.

179 2298 290 2372 Aeque
298 2296 482 2358 miserabilis
492 2298 603 2372 legatio
616 2297 788 2374 Lyciorum,
807 2298 858 2374 qui
871 2295 1086 2362 crudelitatem

95 2381 294 2452 Rhodiorum,
302 2379 420 2457 quibus
431 2380 514 2442 abL.
528 2380 670 2442 Cornelio
681 2378 826 2456 Scipione
839 2380 971 2444 attributi
984 2391 1091 2478 erant,

97 2465 311 2556 querebantur.
346 2465 442 2526 luisse
465 2467 523 2526 sub
549 2463 670 2526 dicione
691 2465 846 2526 Antiochi·
876 2481 943 2526 eam
961 2465 1089 2542 regiam

96 2533 272 2611 servitutem
287 2549 427 2612 collatam
444 2566 511 2610 cum
528 2549 682 2625 praesenti
696 2555 779 2612 statu
790 2551 977 2646 praeclaram
989 2550 1087 2612 liber·

96 2638 187 2694 tatem
208 2633 317 2694 visam
351 2651 413 2695 non
428 2633 553 2710 publico
567 2639 681 2694 tantun
698 2649 733 2694 se
746 2633 844 2730 premi
858 2634 1001 2712 imperio,
1024 2635 1088 2694 sed

95 2717 233 2792 singulos
248 2716 360 2779 iustum
375 2719 438 2793 pali
453 2717 621 2779 servitium.
640 2717 727 2792 ipsos
743 2718 889 2792 coniuges
903 2715 1089 2796 liberosque

94 2803 215 2875 venari,
238 2801 267 2860 in
290 2817 422 2876 corpus,
442 2803 473 2860 in
494 2807 613 2875 tergum
634 2801 762 2875 saeviri,
783 2803 910 2876 lamam,
934 2801 1018 2876 quod
1034 2802 1085 2860 in-

94 2885 219 2957 dignum
235 2884 283 2958 sit,
298 2885 443 2944 maculari
455 2883 723 2960 dehonestarique,
736 2893 766 2945 et
778 2887 877 2960 palam
889 2900 939 2946 res
952 2883 1086 2946 odiosas

93 2969 160 3028 fleri
181 2969 255 3028 iuris
271 2969 361 3027 etiam
379 2967 551 3042 usurpandi
572 2983 681 3038 causa,
706 2983 744 3028 ne
766 2984 822 3044 pro
839 2968 931 3032 dubio
946 2967 1086 3030 habeant

93 3052 166 3111 nihil
181 3053 308 3112 interae
322 3058 353 3112 et
367 3058 491 3125 argento
507 3059 614 3126 parata
628 3052 780 3127 mancipia
794 3053 957 3114 interesse.
976 3059 1085 3114 motus

93 3135 141 3195 his
164 3141 291 3195 senatus
311 3135 430 3196 litterae
441 3135 545 3214 Lyciis
561 3137 601 3196 ad
615 3134 755 3196 Rhodios
770 3136 868 3208 dedit,
892 3133 1085 3214 nec-Lycios

93 3217 221 3279 Rhodie
236 3233 295 3279 neo
307 3219 388 3280 ulios
403 3219 455 3280 alii
471 3220 623 3296 cuiquam,
641 3219 693 3296 qui
706 3219 769 3282 nati
785 3221 872 3282 liberi
885 3220 952 3294 sint,
968 3218 1001 3282 in
1014 3235 1082 3281 ser-

93 3301 218 3362 vitutem
231 3301 296 3363 dari
311 3303 442 3379 placere.
464 3303 579 3382 Lycios
594 3305 635 3364 ita
650 3303 707 3364 sub
719 3303 906 3366 Rhodiomm
918 3304 1010 3366 simul
1024 3303 1082 3365 irn-

91 3385 178 3480 perio
194 3392 223 3446 et
232 3388 330 3528 'mrtem
343 3401 424 3460 esse,
440 3389 520 3450 utin
536 3387 658 3450 dicione
672 3385 779 3462 populi
793 3386 923 3450 Romani
938 3387 1084 3449 civitates

91 3481 195 3526 sociae
214 3485 260 3528 sm
271 3499 282 3526 =.
