2424 3872
196 199 306 262 LIBER
319 201 451 262 XXXIX.
473 201 556 262 cAP.
571 209 614 266 tl.
627 209 671 264 28.
694 208 730 275 [a
748 201 857 276 0186]
973 201 1014 266 2⁵

69 355 174 416 tenues
188 361 215 414 et
228 369 337 430 capere
351 354 441 431 ipsos
456 361 486 414 et
499 355 573 414 dare
588 355 665 414 aliis.
695 356 839 432 optimum
855 373 1018 434 quemque,

70 439 153 515 quibus
166 437 315 513 libertatis,
331 438 443 514 quihus
458 439 561 514 legum
576 453 650 498 cura
665 438 713 512 sit,
729 447 781 500 aut
795 443 937 502 exsulare
951 443 1019 518 pul·

68 539 107 583 scs
119 523 204 598 patria
216 521 482 584 aut-inhonoratos
494 529 524 582 et
534 522 739 583 deterioribus
752 523 905 585 obnoxios
917 524 1018 586 silere.

68 605 95 666 dc
105 605 160 666 iure
172 607 258 666 etiam
272 605 377 666 finium
391 621 492 682 pauca
503 603 696 668 adiecerunt:
720 606 753 680 Q.
764 605 891 668 Fabium
902 607 1019 670 Labeo·

67 705 130 762 rem,
146 703 207 749 eum
221 690 250 750 in
265 689 393 764 regione
407 689 583 764 caluisset,
604 689 756 751 direxisse
770 690 863 750 tinem
879 690 1020 767 Philippo

66 778 170 832 veterem
183 774 260 833 viam
275 775 400 848 regiam,
417 789 497 849 quae
508 775 548 834 ad
558 773 705 834 Thraciae
715 774 890 835 Paroreiam
901 774 1020 850 subeat,

66 871 188 932 nusquam
200 858 239 918 ad
252 872 338 918 mare
354 856 572 918 declinanterm
596 856 769 934 Philippum
784 873 896 918 novam
912 865 1022 935 postea

65 938 201 1000 deflexisse
213 941 305 1015 viam,
321 957 383 1016 qua
397 941 615 1002 Maronitarum
628 940 722 1001 cubes
738 957 894 1018 agrosque
905 943 1021 1018 ample·

66 1029 146 1084 catur.
169 1023 302 1086 xxviii
330 1025 372 1084 ad
390 1041 431 1090 ea
447 1025 608 1101 Philippus
629 1026 720 1099 longe
741 1025 831 1085 aliam
853 1041 943 1102 quem
966 1026 1022 1086 ad·

64 1121 147 1167 versus
164 1107 329 1169 Thessalos
342 1107 598 1184 Perrhaebosque
618 1123 719 1184 nuper
738 1108 899 1184 ingressus
921 1111 1021 1170 disse·

65 1189 129 1251 andi
149 1191 223 1251 viam
248 1207 334 1267 „non
355 1207 424 1252 cum
443 1190 622 1252 Maronitis“
648 1191 748 1266 inquit
768 1191 860 1266 „mihi
880 1199 933 1253 aut
952 1209 1021 1252 cum

64 1272 170 1335 Eumene
180 1274 363 1351 disceptatio
375 1283 432 1350 est,
448 1275 507 1335 sed
516 1275 576 1335 iam
587 1273 757 1349 vobiscum,
770 1275 909 1349 Romani,
923 1291 943 1334 a
955 1276 1021 1351 qui-

64 1355 106 1417 bus
123 1359 187 1418 nihil
206 1357 302 1436 aequi
315 1374 365 1418 me
379 1358 545 1434 impetrare
559 1358 619 1419 ianr
634 1357 687 1418 diu
702 1356 920 1419 animadverto.
948 1357 1020 1420 civi·

65 1446 123 1502 tates·
133 1441 348 1516 Macedonum,
371 1457 450 1517 quae
471 1459 490 1502 a
511 1457 559 1501 me
580 1441 658 1503 inter
678 1442 813 1502 indutias
834 1441 1020 1515 deiecerant,

65 1523 127 1584 reddi
144 1526 210 1586 mihi
231 1541 367 1602 aequum
389 1526 566 1600 censebam,
589 1541 651 1587 non
668 1526 739 1600 quia
753 1541 864 1602 magna
880 1527 1018 1587 accessio

66 1620 91 1666 ea
103 1609 175 1684 regni
195 1611 298 1671 lutura
318 1617 454 1671 esset-
466 1616 539 1670 sunt
557 1610 638 1670 enim
653 1617 684 1670 et
698 1625 795 1685 parva
815 1609 932 1685 oppida
946 1617 976 1670 et
990 1609 1021 1668 in

65 1687 148 1752 trihus
166 1693 312 1755 extremis
334 1693 435 1770 posita
447 1729 490 1740 -
504 1694 561 1754 sed
583 1693 655 1768 quia
674 1696 802 1754 multum
822 1693 863 1754 ad
883 1693 1021 1769 reliquos

64 1769 217 1838 Macedonas
238 1775 446 1838 continendos
467 1777 642 1851 exemplum
662 1776 843 1852 pertinebat
878 1783 1022 1852 negatum

66 1859 176 1919 estnihi.
195 1862 281 1923 hello
295 1861 434 1922 Aetolico
448 1861 585 1921 Lamiam
600 1873 782 1935 oppugnare
794 1859 899 1919 iussus
914 1877 935 1919 a
949 1875 1023 1919 eon-

65 1941 112 2000 sule
123 1943 165 2002 Μ’.
179 1945 283 2005 Acilio
304 1960 371 2004 curn
385 1945 439 2005 diu
457 1943 602 2018 fatigatus
617 1941 659 2002 ibi
673 1942 819 2018 operibus
834 1940 1024 2017 proeliisque

66 2036 148 2100 essen,
162 2029 428 2090 transcendentem
443 2043 492 2088 me
506 2027 567 2087 iam
581 2041 687 2086 muros
702 2043 720 2086 a
735 2031 825 2100 capta
836 2040 935 2102 prope
945 2026 1022 2090 urhe

64 2111 189 2173 revocavit
201 2113 314 2174 consul
329 2119 359 2171 et
372 2109 650 2188 abducerecopias
664 2109 736 2170 inde
750 2110 859 2184 coegit.
879 2110 919 2170 ad
931 2109 1023 2171 huius

65 2190 176 2254 solatium
195 2194 326 2257 iniuriae
347 2195 531 2271 permissum
552 2201 615 2270 est,
636 2201 670 2254 ut
682 2193 861 2255 Thessaliae
874 2193 1021 2254 Perrhae·

66 2271 166 2352 tiaeque
180 2285 210 2340 et
218 2279 428 2341 Athamanum
439 2279 608 2354 reciperem
621 2278 774 2353 quaedam
785 2279 912 2339 castella
922 2275 1022 2351 magis

66 2371 133 2430 quam
143 2362 241 2424 rubes.
268 2379 305 2423 ea
321 2379 448 2439 quoque
460 2362 529 2439 ipsa
543 2377 602 2423 vos
617 2359 698 2435 mihi,
717 2362 751 2436 Q.
768 2359 889 2435 caecili,
904 2375 1022 2436 paucos

66 2447 116 2501 ante
127 2444 185 2507 dies
200 2447 370 2508 ademistis.
394 2461 450 2526 pro
465 2461 527 2506 non
543 2443 636 2506 dubio
648 2446 740 2520 paulo
752 2451 831 2516 ante,
848 2444 876 2503 si
887 2444 946 2505 diis
959 2445 1022 2520 pla·

66 2530 106 2598 cet,
117 2527 199 2604 legati
211 2531 362 2592 Eumenis
375 2529 545 2602 sumebant,
557 2544 643 2605 quae
657 2527 802 2589 Antiochi
817 2529 948 2601 luerunt,
962 2527 1021 2586 Eu-

66 2620 156 2672 nonen
169 2616 299 2691 aequius
315 2629 387 2675 esse
403 2630 494 2689 quam
508 2629 558 2673 me
572 2612 697 2671 hahere.
720 2611 752 2670 id
764 2627 823 2685 ego
834 2613 926 2684 longe
937 2607 1026 2668 aliter

67 2685 142 2754 iudico
153 2711 230 2760 esse.
253 2697 407 2759 Eumenes
419 2695 499 2758 enim
511 2711 573 2756 non
584 2695 645 2755 nisi
656 2695 804 2754 vicissent
814 2692 952 2764 Romani,
967 2691 1024 2750 sed

66 2769 109 2864 bisi
124 2778 227 2842 bellum
250 2783 436 2856 gessissent,
458 2795 583 2840 manere
600 2779 630 2838 in
652 2793 748 2853 regno
764 2793 822 2837 suo
838 2791 900 2837 non
915 2775 1024 2851 potuit

67 2859 144 2934 litque
155 2865 203 2926 ille
218 2873 357 2926 vestrum
368 2866 507 2926 meritum
521 2862 622 2938 habet,
637 2878 700 2922 non
714 2877 772 2922 vos
787 2861 879 2922 illius.
900 2861 960 2920 mei
972 2876 1026 2920 au-

67 2941 111 3002 len
125 2947 204 3024 regni
223 2957 340 3011 tantum
356 2950 463 3010 aberat
474 2953 509 3008 ut
522 2949 583 3008 ulla
599 2963 672 3023 pars
686 2947 718 3007 in
734 2943 910 3007 discrimine
926 2943 1025 3016 inerit,

68 3027 91 3080 tt
98 3027 143 3088 tria
151 3032 229 3094 milia
238 3036 383 3094 talentum
394 3041 426 3095 et
433 3031 654 3109 quinquaginta
660 3037 758 3091 tectas
770 3045 866 3090 naves
879 3034 1024 3089 etomnes

68 3101 185 3176 Graeciae
197 3117 344 3190 civitates,
359 3133 437 3192 quas
449 3123 540 3176 antea
549 3113 728 3189 tenuissem,
740 3112 935 3190 pollicentem
945 3114 1025 3172 ultro

69 3186 221 3262 lntiochum
241 3201 271 3260 in
292 3201 467 3262 mercedem
488 3199 644 3260 societatis
666 3199 724 3258 sim
745 3203 946 3274 aspernatum
970 3195 1024 3255 ho-

70 3278 180 3354 temque
199 3284 227 3344 ei
241 3301 289 3345 me
305 3299 377 3346 esse
396 3283 482 3360 prius
498 3283 588 3345 etiarn
603 3299 695 3359 quarn
708 3281 758 3342 hl.
773 3281 892 3342 Acilius
908 3277 1026 3339 exerci-
1045 3309 1048 3316 ·

70 3359 116 3418 hm
126 3362 151 3422 in
163 3367 315 3430 Graeciam
330 3367 473 3430 traiceret
485 3383 561 3444 prae
576 3367 703 3440 metult,
719 3370 749 3425 et
763 3381 831 3426 cum
846 3379 884 3424 co
897 3360 1026 3421 consule

70 3433 122 3502 belli
135 3457 256 3528 partem,
274 3467 499 3528 quamcumque
513 3450 585 3510 mihi
600 3449 762 3524 delegavit,
777 3447 871 3522 gessi.
901 3451 931 3502 et
944 3441 1025 3498 inse·
