2328 3870
228 208 429 274 hinnierint.
453 211 651 274 cannara.
675 217 831 286 [auru]
956 209 1017 276 itt

54 362 136 439 iactis,
151 363 304 424 oraculum
319 361 456 422 aditurus
467 360 604 438 Delphos
620 363 783 423 escendit·
773 377 858 424 ·cum
872 365 903 423 in
917 364 1018 426 media

56 453 164 524 repente
178 444 306 514 Graecia
320 431 524 522 apparuisset,
539 459 683 521 magnum
698 461 760 507 non
775 446 909 508 finitimis
924 449 1016 509 modo

8 589 10 594 ,
58 529 163 592 urbibus
175 537 321 591 terrorem
334 527 482 604 praebuit,
493 529 551 590 sed
562 529 593 589 ln
604 529 712 590 Asiam
724 542 849 606 quoque
861 531 1017 604 adregem

59 612 189 674 Eumenen
205 613 302 674 nuntii
317 612 495 674 tumultuosi
509 613 604 674 missi.
628 613 769 689 triduum,
784 623 846 675 non
861 616 932 689 pins
945 614 1015 674 itel-

54 697 111 774 uhis
128 701 277 771 moratus,
303 709 360 774 per
378 695 579 758 Phthiotidem
599 695 748 758 Achaiam
767 697 1017 771 thessaliamque

58 781 107 842 siue
125 781 231 842 damno
253 780 426 856 iniuriaque
446 795 604 856 agrorum,
627 796 683 856 per
703 797 782 857 quos
803 782 861 842 iter
880 781 965 852 iecit,
986 781 1016 839 in

56 877 160 938 regumn
173 863 272 926 rediit.
294 877 471 924 neccarum
484 870 598 924 tantum
611 865 784 940 civitatium,
801 879 858 940 per
872 877 949 940 quas
960 862 1016 924 itu-

55 963 96 1008 ms
113 957 185 1032 erat,
205 945 285 1010 satis
304 945 412 1008 habuit
425 947 544 1009 animnos
557 947 614 1008 sibi
630 949 808 1009 conciliare:
829 955 883 1010 aut
896 949 1015 1023 legatos

56 1037 95 1090 aut
110 1031 217 1092 litteras
240 1029 369 1106 dimisit,
388 1038 497 1108 petens
516 1039 556 1091 ne
576 1031 690 1092 dlutius
703 1031 914 1104 simultatium,
936 1045 1016 1106 quae

8 1179 10 1196 ᾖ
56 1127 109 1174 eum
121 1122 203 1190 patre
218 1131 279 1178 suo
295 1113 432 1189 luissent,
447 1113 672 1176 meminissenm
692 1127 750 1174 nea
765 1115 846 1175 enim
859 1122 921 1174 tam
936 1122 1016 1174 atro·

8 1197 10 1254 ἓ
53 1213 96 1258 ees
114 1199 204 1259 tuisse
225 1213 297 1275 eas,
316 1207 350 1260 ut
368 1213 430 1260 nou
452 1197 610 1274 cumipse
630 1197 785 1274 potuerint
805 1211 841 1257 aa
855 1195 1018 1258 debuerint

8 1277 131 1351 iniri;
150 1297 255 1344 seeum
272 1281 396 1359 quidem
412 1279 513 1343 omnia
523 1280 582 1342 iliis
594 1279 711 1356 integra
722 1295 794 1342 esse
805 1282 845 1342 ad
859 1279 1016 1340 instituere

8 1371 11 1468 t
53 1361 111 1426 dun
123 1325 254 1427 'iideiiter
274 1366 451 1428 amicitiam
480 1377 549 1426 cum
562 1363 757 1426 Achaeorum
776 1365 908 1424 maxime
927 1371 1017 1438 gente

56 1447 280 1512 reconciliandae
300 1449 415 1526 gratiae
435 1449 516 1510 viam
532 1449 708 1526 quaerebat
736 1449 842 1510 xliiii
864 1448 941 1508 haec
955 1463 1017 1508 una

8 1537 10 1594 1
55 1545 86 1590 ιι
97 1533 169 1594 omni
180 1529 310 1594 Graecia
325 1545 402 1608 gens
417 1541 448 1596 et
458 1531 688 1594 Atheniensium
703 1533 874 1607 elehanan
889 1547 1016 1609 proces-

8 1623 9 1684 }
57 1623 122 1676 serat
133 1613 257 1693 irarum,
274 1623 312 1678 ut
323 1613 434 1678 linibus
448 1617 643 1678 interdiceret
654 1617 885 1678 Macedonibus.
913 1615 1017 1691 itaque

8 1721 10 1734 ι
54 1697 165 1762 seriitiis
185 1711 226 1762 ex
245 1699 367 1763 Achaia
387 1701 572 1776 fugientibus
592 1702 821 1775 receptaculum
834 1698 1017 1760 Macedonia

55 1789 119 1855 erat,
138 1787 222 1861 quia,
246 1799 317 1846 cum
331 1781 445 1845 tinibus
460 1781 525 1844 suis
539 1784 784 1857 interdixissent,
805 1783 918 1843 intrare
931 1782 1017 1856 regni

8 1859 10 1870 “
57 1867 207 1930 terminos
199 1870 261 1946 ipsi
282 1881 344 1929 non
359 1865 521 1928 audebant.
550 1867 581 1928 id
598 1881 667 1927 cum
680 1865 811 1926 Perseus
827 1863 1017 1926 animadver-

57 1946 127 2010 tisset
127 1965 252 2029 compr
253 1951 338 2012 ensrs
354 1947 496 2013 omnibus
510 1950 626 2011 litterae
638 1947 672 1988 *ι
680 1956 843 2010 ,ceterum
857 1963 896 2008 ne
911 1947 1017 2008 similis

57 2027 113 2106 luga
126 2044 282 2098 servorum
295 2041 406 2114 postea
414 2032 511 2108 fieret,
528 2033 723 2109 cogitandum
733 2039 763 2094 et
772 2031 832 2092 iliis
844 2043 925 2093 esse.
939 2029 1017 2091 reei-

57 2116 112 2176 tatis
127 2117 171 2180 his
192 2119 300 2182 litteris
322 2131 378 2196 per
390 2116 584 2180 Xenarchum
605 2125 791 2194 praetorem,
814 2115 866 2193 qui
880 2115 1017 2193 privatae

8 2267 9 2280 χ
58 2199 152 2270 gratiae
166 2203 281 2266 aditum
297 2204 380 2280 apud
394 2215 500 2278 regem
512 2203 687 2279 quaerebat,
702 2207 732 2262 et
742 2200 901 2278 plerisque
911 2199 1017 2261 mode-

59 2287 290 2364 rateetbenigne
312 2290 443 2364 scriptas
464 2301 536 2348 esse
557 2280 753 2348 censentibus
774 2285 903 2359 litteras,
925 2291 1017 2360 atque

59 2359 95 2424 lis
84 2371 224 2432 smaxime
238 2371 292 2448 qui
303 2381 425 2469 praeter
434 2384 522 2446 spem
531 2369 797 2445 recapitulassent
807 2369 1016 2430 amissaman·

58 2447 129 2522 ιίιίι,
146 2453 319 2518 Callicrates
333 2469 373 2516 ex·
386 2455 424 2516 iis
439 2453 536 2530 quiin
550 2469 589 2513 eo
604 2454 680 2514 verti
694 2455 824 2514 salutern
836 2451 1016 2528 geminare

59 2527 158 2610 derant,
181 2540 300 2601 sicum
323 2539 470 2600 Romanis
493 2537 670 2598 inviolatum
695 2536 807 2596 locrius
833 2539 1016 2606 servaretur,

62 2625 170 2688 Milite
183 2621 618 2700 inquit„autmedrocr1sres,
633 2619 759 2691 Achaei,
777 2616 959 2692 quibusdam
972 2616 1017 2674 vi·

59 2687 130 2760 tetur
90 2704 208 2782 tagi.
237 2721 296 2783 ego
318 2706 481 2766 maximam
506 2705 639 2766 omnium
660 2700 938 2776 gravissimamque
956 2713 1017 2760 non

63 2777 213 2854 ιιίιιιιιιιιιι
228 2791 373 2864 arbitror,
396 2791 452 2850 sed
468 2788 602 2865 quodam
617 2785 710 2846 modo
725 2792 824 2846 actam
838 2795 920 2844 esse.
947 2797 1018 2843 nam

61 2864 102 2936 ιιι
112 2871 228 2946 regibus
239 2873 442 2935 Macedonum
452 2871 738 2945 Macedonibusque
752 2869 839 2945 ipsis
844 2866 980 2929 unibus
972 2883 1017 2926 m·

62 2947 277 3031 terdixissemns,
292 2971 478 3033 manereque
489 2957 520 3016 ιιι
532 2955 696 3026 decretum
713 2947 829 3014 scillam
837 2966 878 3013 ne
890 2953 1017 3027 legatos
1029 2951 1031 2958 “
1087 2965 1090 2972 ’

64 3039 91 3088 ιι
106 3042 216 3103 turdos
237 3041 463 3102 admitteremus
478 3053 599 3112 regum,
621 3051 678 3112 per
693 3049 772 3112 quos
788 3037 960 3113 aliquorum
975 3049 1015 3093 ex

64 3114 134 3202 nubis
146 3123 232 3186 animi
246 3123 512 3196 sollicitarentur,
505 3123 524 3181 ii
540 3123 767 3182 contionantem
778 3120 912 3196 quodam
923 3118 1016 3180 modo

63 3189 470 3283 urentemaudimusregem,
486 3213 525 3280 et,
541 3204 638 3266 aldiis
651 3203 1019 3280 plaeetorotionemeius

67 3283 214 3354 trahamus
242 3299 272 3354 et
286 3308 356 3354 cum
376 3292 460 3352 terae
473 3289 592 3350 bestiae
606 3289 705 3350 cibum
722 3288 762 3349 ad
776 3287 916 3350 fraudem
929 3301 1018 3345 suam

67 3368 173 3434 insitum
193 3375 371 3474 pierumque
392 3381 596 3452 aspernentur
614 3379 645 3433 et
663 3372 827 3446 refugiant,
853 3384 911 3430 nos
933 3367 1018 3428 caeci

66 3451 150 3520 specie
168 3459 253 3534 parti
271 3460 441 3522 beneficii
433 3471 621 3532 inescamur,
643 3463 674 3516 et
693 3449 885 3522 serendorum
903 3449 1017 3508 minimi
