2424 3872
147 157 152 164 ·
202 206 245 270 aa
343 204 600 266 urnuaxxxrx.
623 203 1032 316 uxamae-numan]
1108 183 1113 189 “

202 372 343 435 ponneso
364 355 489 429 luisset,
511 371 548 416 eo
570 353 708 414 nimirum
726 354 807 429 capti
823 360 852 414 et
867 354 1010 429 oppressi
1027 355 1171 430 coniugis-

202 449 279 502 sent.
302 456 371 501 cum
385 455 443 500 vos
459 439 567 515 procul
581 436 708 512 essetis,
729 453 790 512 quo
806 437 865 497 alio
881 437 939 497 nisi
954 437 993 496 ad
1007 453 1064 498 nos
1078 439 1171 500 socios

202 532 334 596 uestros,
351 539 431 598 quos
446 529 535 581 antea
548 521 658 599 Gythio
679 536 768 595 opem
781 521 922 594 terentes,
938 536 1017 595 quos
1029 520 1169 582 Lacedae·

201 624 323 668 monem
343 607 503 668 vobiscum
525 605 614 664 simili
635 605 674 664 de
689 618 783 664 causa
805 610 1018 679 oppugnantes
1036 605 1173 678 viderant,

205 693 424 766 confugerent?
452 704 509 763 pro
535 685 626 750 uobis
653 687 742 762 igitur
767 687 877 748 iustum
905 687 1051 764 piumque
1071 687 1172 747 bellum

203 773 407 848 suscepimus
441 771 524 846 quod
540 787 608 832 cum
622 770 671 830 alil
685 771 817 854 laudent,
832 769 1058 846 reprehendere
1074 786 1111 830 ne
1124 770 1171 829 La-

203 854 393 918 cedaemonii
408 856 530 929 quidem
546 854 681 930 possint,
695 837 738 913 dii
752 868 877 929 quoque
890 854 950 929 ipsi
955 853 1173 930 comprobare

202 941 271 1014 rint,
287 937 341 1014 qui
355 938 444 1000 nobis
459 937 615 998 victoriam
631 938 789 1011 dederunt,
805 953 938 1012 quonam
950 936 1041 998 modo
1055 951 1172 1012 eaquae

202 1021 302 1106 belli
294 1038 360 1082 rure
381 1029 449 1082 octa
469 1028 539 1082 sunt
559 1020 588 1081 in
610 1021 860 1096 disceptationem
880 1020 1027 1081 veniunt?
1057 1035 1174 1096 quorum

203 1113 304 1168 tamen
331 1104 462 1166 maxima
482 1121 555 1180 pars
578 1104 650 1164 nibil
671 1105 799 1179 pertinet
819 1105 859 1186 ad
878 1119 945 1164 nos.
980 1110 1117 1164 nostrum
1136 1108 1173 1161 est

204 1191 288 1266 quod
310 1189 505 1250 evocavimus
526 1204 581 1249 eos
603 1187 641 1247 ad
660 1202 783 1248 causam
803 1187 963 1249 dicendam
981 1187 1032 1261 qui
1047 1187 1089 1247 ad
1103 1201 1174 1246 mura

202 1274 420 1334 multitudinem
436 1272 619 1346 exciverunt,
636 1270 687 1346 qui
702 1275 954 1346 expugnaverant
967 1267 1115 1330 maritima
1129 1285 1173 1344 op-

202 1357 291 1431 pida,
318 1357 369 1430 qni
395 1356 596 1430 diripuerant,
619 1354 670 1428 qul
692 1355 817 1413 caedem
837 1352 1009 1430 principum
1033 1353 1174 1414 fecerant.

205 1439 287 1514 quod
303 1454 377 1497 uero
393 1439 433 1497 illi
450 1436 605 1498 venientes
621 1437 649 1495 ln
666 1443 765 1496 castra
780 1436 927 1498 interiecti
944 1444 1028 1511 sunt,
1048 1443 1175 1498 vestrum

203 1529 259 1594 est,
273 1523 357 1580 Areu
373 1526 402 1580 et
416 1520 589 1594 Alcibiade,
604 1519 655 1595 qni
672 1535 750 1580 nunc
767 1537 839 1595 nos,
855 1519 881 1582 si
897 1517 955 1579 diis
970 1521 1081 1596 placet,
1096 1535 1165 1580 accu

203 1604 294 1677 satis,
316 1620 377 1665 non
399 1611 553 1664 nostrum·
580 1605 703 1664 exsules
718 1602 1043 1677 Lacedaemoniorum,
1067 1619 1126 1679 quo
1143 1617 1175 1660 ex

203 1703 329 1748 numero
350 1686 380 1746 hi
402 1702 525 1762 quoque
548 1687 609 1748 duo
628 1687 763 1762 luerunt,
785 1693 814 1748 et
828 1694 899 1748 tunc
914 1686 1075 1748 nobiscum
1091 1691 1176 1757 erant,

202 1777 232 1831 et
248 1771 331 1846 quod
347 1770 498 1832 domicilio
517 1769 574 1831 sibi
589 1771 764 1846 delegerant
778 1770 925 1830 maritima
941 1771 1065 1846 oppida,
1083 1787 1117 1831 so
1130 1783 1174 1846 pe·

201 1855 272 1916 titos
288 1855 458 1929 credentes,
474 1855 503 1914 in
518 1870 574 1915 eos
590 1871 718 1931 quorum
734 1870 828 1930 opera
843 1854 940 1929 patria
951 1859 1092 1914 extorres
1103 1869 1140 1913 ne
1152 1851 1176 1911 ln

202 1946 266 2001 tuto
283 1939 406 2015 quidem
421 1939 529 2000 exsilio
544 1954 641 2014 posse
656 1953 880 1999 consenescere
894 1954 929 1998 se
941 1935 1177 2012 indignabantur,

202 2023 347 2097 impetum
372 2024 518 2082 lecerunt.
550 2019 784 2082 Lacedaemonii
804 2021 893 2096 igitur
911 2017 1179 2092 Lacedaemoniae,

202 2120 263 2163 non
284 2104 402 2164 Achaei
423 2103 654 2173 interlecemnt;
677 2119 734 2164 nec
754 2105 820 2164 iure
839 2121 877 2164 an
893 2104 1003 2164 iniuria
1024 2105 1109 2164 caesi
1125 2101 1178 2162 siut

201 2186 402 2261 argumentari
415 2187 515 2246 relert.
538 2185 685 2248 XXXVII.
700 2187 821 2248 atenim
832 2187 881 2247 illa
894 2195 976 2249 certe
987 2194 1092 2248 vestra
1104 2191 1177 2258 sunt,

201 2269 326 2344 Achaei,
343 2269 425 2346 quod
438 2269 523 2344 leges
536 2268 788 2347 disciplinamque
800 2270 1037 2333 vetustissimam
1049 2265 1180 2349 Lycurgi

201 2351 374 2428 sustulistis,
392 2352 475 2429 quod
492 2367 595 2414 muros
611 2353 755 2416 diruistis.
785 2369 863 2429 quae
878 2362 1005 2431 utraque
1020 2354 1060 2413 ab
1075 2354 1177 2414 iisdem

201 2433 281 2496 obici
305 2437 356 2512 qul
379 2443 526 2511 possunt,
546 2453 613 2496 cnm
635 2454 712 2497 muri
705 2437 977 2498 'Lacedaemoniis
993 2453 1054 2497 non
1071 2438 1110 2496 ab
1125 2437 1178 2511 Ly·

202 2535 319 2617 curgo
335 2521 390 2580 sed
412 2535 530 2595 paucos
551 2527 621 2579 ante
637 2535 735 2580 annos
751 2521 789 2580 ad
805 2521 1034 2582 dissolvendam
1050 2517 1179 2598 lycurgi

201 2565 392 2700 disciplinam
407 2601 554 2664 exstructi
569 2604 648 2664 sinti
669 2603 789 2682 tyranni
804 2604 882 2663 enlm
898 2620 996 2680 nuper
1010 2619 1066 2664 eos
1082 2616 1181 2663 arcem

200 2694 230 2746 et
242 2685 459 2748 munimentum
474 2686 541 2761 sibi,
560 2703 619 2748 non
633 2686 744 2748 civitati
756 2695 954 2763 paraverunt;
976 2693 1006 2746 et
1017 2686 1042 2747 si
1056 2686 1180 2746 exsistat

199 2768 291 2828 hodie
307 2770 345 2830 ab
359 2771 464 2830 inlerls
479 2770 653 2847 LycurguS,
669 2769 800 2846 gaudeat
814 2770 910 2830 ruims
924 2786 1039 2844 eorum,
1056 2776 1087 2830 et
1102 2781 1181 2828 nune

199 2865 234 2910 se
249 2852 376 2926 patriam
390 2861 420 2912 et
432 2853 571 2927 Spartam
586 2853 739 2930 antiquam
755 2869 923 2928 agnoscere
934 2851 1025 2913 dicat.
1040 2869 1103 2913 non
1115 2851 1181 2910 Phi-

199 2935 412 3009 lopoemenem
428 2941 610 3010 exspectare
625 2952 682 2997 nec
693 2937 844 3010 Achaeos
861 2937 917 2996 sed
934 2936 1072 3012 vosipsi,
1087 2934 1179 2995 Laee-

200 3017 362 3092 daemonii,
376 3018 487 3078 vestris
502 3019 641 3080 manibus
657 3018 775 3080 amoliri
787 3028 815 3080 et
830 3019 950 3082 diruere
963 3019 1065 3081 omnia
1076 3026 1182 3098 tyran·

197 3099 279 3160 nidis
294 3101 423 3174 vestigia
438 3101 596 3162 debuistis.
617 3109 739 3162 vestrae
750 3103 829 3162 enim
841 3102 910 3162 illae
921 3103 1075 3164 deformes
1088 3100 1183 3160 velub'

198 3184 356 3243 cicatrices
378 3183 531 3244 servitutis
552 3194 652 3257 erant,
675 3192 705 3245 et
726 3200 793 3245 cum
816 3185 883 3246 sine
903 3185 997 3246 muris
1012 3201 1069 3260 per
1084 3184 1183 3244 octin-

108 3291 111 3296 ·
198 3273 307 3340 gentos
320 3283 418 3342 prope
431 3283 528 3328 annos
540 3267 634 3342 liberi,
644 3266 808 3342 aliquando
820 3267 908 3328 etiam
921 3267 1076 3344 principes
1085 3269 1182 3328 Grae-

199 3349 263 3408 ciae
283 3349 434 3422 fuissetis,
456 3348 549 3410 muris
564 3352 647 3410 uelut
662 3351 860 3426 compedibus
877 3351 1070 3413 circumdatis
1085 3349 1184 3410 vincti

194 3447 252 3505 per
268 3439 387 3493 centum
402 3448 499 3493 annos
515 3432 661 3494 servistis.
685 3436 768 3510 quod
784 3436 821 3494 ad
837 3434 920 3510 leges
935 3435 1094 3511 ademptas
1112 3433 1180 3502 atti-
