2364 3862
188 201 413 263 tranantur.
431 205 514 265 cna
530 213 631 267 enon.
653 205 811 287 [aaron]
879 169 887 180 ’
928 209 990 276 aot

13 343 14 348 ’
36 353 153 429 recipere
167 368 185 412 a
200 353 362 429 praesidio,
379 355 462 429 quod
477 353 523 434 ibi,
530 355 732 418 Macedonum
744 366 818 433 erat,
834 376 904 422 eum
914 364 989 424 mola

34 437 64 496 tis
83 435 250 496 vulneribus
265 439 409 512 repulsus
423 437 614 516 Lychnidum
634 441 743 517 copias
763 443 989 506 reduxit..inde

33 525 91 596 post
108 519 169 579 dies
189 535 307 594 paucos
328 521 369 580 Μ.
391 521 571 582 Trebellium
592 523 802 600 Fregellanum
824 543 892 588 curn
913 531 989 590 satis

33 603 115 662 valida
128 617 216 662 manu
239 604 269 664 in
284 604 433 666 Penestas
447 605 528 666 misit
540 605 578 666 ad
594 606 720 669 obsides
736 609 775 668 ab
790 610 837 671 his
852 611 989 687 urhihus,

34 703 95 761 quae
117 687 147 745 in
169 688 300 748 amicitia
326 703 394 750 curn
415 689 478 749 lide
498 700 745 767 permanserant,
771 695 989 770 accipiendosa

34 770 179 844 procedere
200 771 290 831 etiam
312 773 341 832 ln
363 773 524 834 Parthinos
539 775 615 834 -ii
631 791 757 851 quoquc
772 777 900 839 obsides
915 780 988 840 dare

32 853 189 928 pepigerant
201 856 357 917 -iussit
385 857 424 917 ab
444 863 575 933 utraque
594 867 684 933 gente
706 859 772 920 sine
790 862 921 923 tumultu
934 878 988 924 ex·

28 933 79 1010 igit.
97 935 290 998 Penestarum
306 940 432 1001 obsides
447 940 656 1017 Apollonium,
678 943 888 1006 Parthinorum
908 947 985 1025 Dyr·

31 1019 163 1080 rhachium
177 1052 221 1066 -
235 1028 297 1083 turn
312 1023 473 1099 Epidamni
486 1023 585 1100 magis
600 1023 722 1086 celebre
736 1043 847 1089 nornen
860 1029 987 1092 Graecis

31 1111 81 1163 erat
91 1139 128 1152 -
142 1105 238 1165 missi.
263 1111 322 1183 Ap.
346 1109 488 1168 Claudius
505 1103 663 1184 acceptam
677 1110 709 1169 in
723 1111 846 1189 illyrico
861 1113 987 1188 ignomi-

31 1185 93 1246 niam
106 1189 258 1264 corrigere
273 1192 401 1266 cupiens
416 1191 592 1266 Phanotam,
612 1192 698 1268 Epiri
714 1196 881 1268 eaetedum,
897 1196 986 1256 ador-

30 1276 67 1330 tus
80 1285 268 1348 oppugnare,
285 1274 321 1335 ‘et
341 1275 453 1335 auxilia
468 1276 671 1335 Athamanum
685 1276 987 1354 Thesprotorumque

31 1362 130 1428 praeter
142 1358 315 1418 Romanum
332 1358 507 1434 exereitum,
529 1360 569 1420 ad
584 1373 642 1422 sex
655 1358 739 1420 milia
752 1359 917 1436 hominum,
938 1377 983 1422 se·

31 1454 83 1498 curn
102 1441 244 1510 adduxit;
264 1457 364 1518 neque
386 1443 643 1519 operaepretium
660 1443 847 1519 lecitcleua
871 1446 922 1522 qui
937 1461 984 1504 re·

31 1521 99 1582 lictus
113 1523 257 1585 aPerseo
273 1533 351 1599 erat,
373 1541 440 1586 cum
455 1526 557 1586 valido
573 1525 729 1603 praesidio
741 1529 937 1590 defendente.
957 1536 983 1592 el

31 1601 139 1666 Perseus
149 1607 296 1668 Elimeam
309 1611 474 1684 proiectus,
487 1617 518 1670 et
528 1609 689 1672 circaeam
700 1612 837 1673 exercitu
848 1614 985 1686 lustrato,

31 1688 59 1746 ad
72 1687 194 1751 Stratum
206 1693 393 1753 ¹vocantibus
408 1693 544 1769 Epirotis
558 1693 649 1755 ducit
664 1693 785 1755 Stratus
796 1695 986 1757 validissima

31 1775 78 1830 lum
90 1775 158 1836 urbs
170 1775 315 1836 Aetoliae
329 1783 409 1837 erato
431 1776 490 1838 sita
504 1784 552 1838 est
564 1791 659 1853 super
669 1777 865 1838 Amhraoium
877 1779 986 1854 sinum,

32 1867 108 1932 prope
126 1872 247 1941 amnem
266 1859 421 1921 Inachum.
450 1875 519 1921 cum
539 1861 646 1920 decern
658 1861 782 1922 milibus
798 1861 934 1937 peditum
948 1877 985 1929 oo

31 1941 161 2011 proiectus
177 1949 228 2004 est
241 1949 272 2004 et
285 1943 438 2020 equitibus
452 1945 610 2016 trecentis,
633 1959 714 2020 quos
736 1944 984 2021 pauciorespro-

32 2029 83 2094 pter
92 2027 245 2100 angustias
257 2027 374 2087 viarum
391 2035 420 2088 et
434 2027 627 2104 asperitatem
641 2028 736 2089 duxit.
754 2027 905 2089 tertiadie
916 2043 985 2090 cum

32 2109 200 2177 peruenisset
223 2111 262 2170 ad
283 2111 389 2170 citium
409 2109 558 2186 montem,
578 2111 631 2172 vix
644 2113 846 2186 transgressis
861 2120 986 2188 propter

34 2189 194 2254 altitudinem
228 2195 319 2254 nivis·
332 2197 432 2256 locum
459 2210 583 2270 quoque
608 2196 716 2256 castris
744 2211 836 2270 aegre
860 2196 984 2256 invenit.

34 2275 163 2344 proiectus
189 2278 264 2339 inde
289 2277 398 2354 magis-
413 2279 485 2354 quia
505 2293 629 2340 manere
648 2285 867 2354 nonpoterat,
895 2293 986 2355 quam

35 2359 99 2430 qood
111 2360 277 2442 tolerabilis
292 2368 344 2426 aut
358 2362 408 2422 ria
423 2369 474 2422 aut
490 2369 657 2438 tempestas
672 2369 770 2436 esset,
788 2379 857 2422 cum
872 2363 985 2437 ingenti

33 2442 178 2521 vexatione,
204 2446 373 2522 praecipue
388 2445 597 2520 iumentorum,
612 2448 707 2506 eltoro
722 2446 772 2505 die
787 2446 827 2505 ad
841 2450 984 2520 templum

33 2519 102 2602 lovis,
114 2528 259 2590 lireaeum
272 2545 361 2605 quem
373 2532 492 2602 vocant,
510 2530 613 2605 posuit
623 2535 732 2589 castra.
749 2528 788 2586 ad
801 2527 986 2588 Arachthtun

34 2603 86 2666 inde
107 2610 217 2673 flumen
249 2611 354 2673 itinere
379 2613 493 2688 ingenti
517 2627 645 2672 emanso
668 2617 804 2671 retentus
829 2609 986 2672 altitudine

34 2691 108 2753 annis
126 2694 159 2734 **
178 2695 299 2757 mansit.
332 2711 394 2772 quo
421 2697 521 2771 spatio
548 2695 694 2771 temporis
723 2699 816 2769 ponte
838 2693 984 2769 perlecto,

35 2775 155 2840 traductis
170 2780 270 2856 copiis
286 2779 346 2839 diei
361 2787 548 2855 peogressus
562 2777 618 2840 iter
631 2777 757 2840 obuium
769 2777 985 2839 Archidamum

35 2856 177 2935 pnnoipc'm
199 2865 393 2936 Aetolorum,
424 2875 589 2938 perquem
612 2863 639 2922 ei
659 2861 779 2923 Stratus
798 2859 984 2935 medebatur,

34 2933 124 3004 iuuit
150 2946 241 3006 XXIL
264 2961 302 3006 eo
325 2947 374 3007 die
390 2947 429 3006 ad
444 2947 535 3006 linem
552 2947 615 3021 agri
630 2947 731 3006 Aetoli
753 2946 985 3020 contraposita:

36 3017 88 3082 inde
98 3029 187 3092 altero
200 3031 250 3090 die
258 3031 300 3090 'ad
313 3030 445 3092 Stratum
459 3039 653 3105 perventum,
666 3030 718 3089 uhi
730 3041 829 3106 prope
839 3029 985 3090 Inachum

36 3116 129 3171 onnam
149 3114 259 3174 castris
278 3114 388 3190 positis
411 3131 479 3174 oum
500 3119 693 3188 exspectaret
711 3112 829 3174 effusos
845 3113 985 3176 omnihus

37 3192 111 3260 lonis
129 3197 255 3260 Aetolos
277 3199 307 3258 in
327 3198 420 3258 fldem
440 3211 526 3258 snam
548 3204 708 3270 venturos,
735 3198 858 3258 clausas
880 3205 986 3271 portas

37 3277 107 3347 atque
124 3280 192 3356 ipsa
210 3297 248 3342 ea
268 3290 372 3356 noete,
396 3297 456 3356 qua
477 3288 615 3355 venerat,
637 3285 794 3355 receptum
815 3281 985 3369 Romanum

38 3360 195 3426 Praesidium
217 3382 284 3426 curn
308 3365 338 3426 c.
353 3363 483 3440 Popillio
501 3361 735 3440 legatoinvenit.
764 3363 918 3436 principes
935 3374 984 3432 qur

38 3446 182 3510 iroesentis
203 3448 380 3511 Archidami
402 3446 579 3510 auctoritaie
600 3445 751 3525 compulsi
766 3459 868 3519 regem
884 3455 979 3502 arces·
