2364 3862
178 183 244 250 254
392 185 609 246 emunxtv.
631 183 715 244 cnr.
732 192 756 243 t.
773 186 965 258 [nucea]

227 338 395 403 contingat,
415 335 523 386 duorum
548 333 661 385 iliorum
683 334 815 384 funeribus
835 333 957 398 insignita
976 339 1026 390 αἱς
1044 347 1127 394 quornm

230 406 337 458 diarius
353 419 423 456 mors
440 403 599 470 triumphum
612 404 694 470 petris
713 405 864 468 praecessit,
880 402 985 452 alterim
999 411 1076 452 secum
1093 409 1127 451 cst

229 475 338 526 lustrum
350 474 481 524 eonditum
493 482 554 522 estu
565 473 729 524 censoribust
750 486 828 522 censa
839 479 899 521 snut
908 471 1002 520 civium
1011 470 1128 534 capimus

228 552 303 594 centa
317 543 453 593 duodecim
470 539 557 602 milia,
584 541 732 606 octingenta
746 541 886 606 nonaginta
903 540 1019 603 quinque.
1048 537 1129 587 Pmsitt

228 613 362 678 bithyniae
374 627 420 662 rex
427 609 544 668 Romam,
563 616 592 658 nt
613 610 713 659 senatui
732 608 904 673 gratularetur
922 609 954 658 ob
972 608 1090 657 victoriam
1107 621 1130 656 tx

228 681 375 730 Macedonia
396 687 506 744 purtem
527 677 607 736 venit,
633 685 658 727 et
674 677 840 728 Nicomedem
864 676 946 726 lilium
969 676 1062 725 senmui
1081 689 1130 723 com·

228 749 365 799 mandevit
400 763 447 798 rex
463 745 556 813 plerane
574 744 729 797 mundante
751 745 871 796 libertum
884 759 914 794 se
936 742 1025 810 populi
1048 741 1132 792 Romul

228 817 339 872 dicebat.

261 923 284 981 1.
306 921 463 982 Victoriae
483 920 594 992 nuntii,
619 918 653 992 Q.
673 919 786 979 Fabius
807 925 837 978 et
855 919 889 977 L.
907 917 1052 978 Lentulus
1068 923 1093 976 et
1108 915 1132 988 Q.

177 1004 327 1078 Metellus,
343 1011 458 1081 quanta
479 1003 577 1079 potuit
597 1002 735 1062 adhiberi
753 1001 923 1076 festinatio,
946 999 1077 1061 celeriter
1088 1001 1131 1059 Ro

177 1104 257 1148 matu
278 1103 347 1150 cum
364 1088 529 1162 venissent,
550 1093 749 1161 praeceptam
763 1093 864 1146 tamen
879 1085 948 1145 eius
961 1084 1006 1143 rei
1020 1083 1133 1142 laetitiam

177 1171 366 1234 invenerunt
389 1177 496 1248 quarto
513 1176 586 1246 post
596 1169 647 1229 die
659 1185 751 1245 quam
763 1184 832 1229 eum
842 1185 916 1244 rege
928 1175 977 1229 est
989 1173 1134 1242 pugnatum

178 1270 248 1315 eum
272 1256 303 1315 in
330 1257 412 1316 circo
436 1254 499 1314 ludi
518 1253 641 1326 fierent,
667 1269 804 1312 murmur
821 1259 950 1328 repente
976 1251 1074 1326 populi
1091 1255 1135 1308 tota

177 1341 357 1412 spectacula
371 1339 514 1413 pervasit,
530 1342 697 1412 pugnatum
717 1337 748 1395 in
762 1337 946 1396 Macedonia
967 1342 998 1394 et
1011 1333 1135 1393 devictum

176 1435 281 1494 regem
297 1437 377 1494 esse,
393 1420 463 1480 dein
479 1421 616 1480 fremitus
627 1420 764 1494 increvit,
781 1427 939 1495 postremo
951 1417 1134 1491 clumorplau·

177 1518 310 1578 susque,
334 1505 416 1564 velut
436 1510 519 1564 certo
539 1504 645 1563 nuntio
659 1503 805 1564 victoriae
820 1504 939 1577 adlato,
961 1509 1010 1561 est
1028 1505 1137 1560 exortus.

176 1585 279 1645 mirari
300 1587 493 1662 magistratus
511 1593 542 1647 et
563 1602 711 1661 quaerere
726 1593 883 1647 auctorem
904 1587 1077 1662 repentinae
1093 1584 1136 1641 lac

177 1668 276 1740 titiae;
303 1668 355 1746 qui
381 1677 546 1746 postquam
566 1671 668 1730 nullus
689 1677 769 1742 erat,
793 1669 917 1730 evanuit
932 1669 1072 1746 equidem
1083 1673 1136 1726 um

178 1769 270 1828 quam
285 1761 386 1814 certae
400 1753 445 1812 rei
458 1753 619 1828 gaudium,
646 1770 736 1814 omen
757 1762 858 1813 tumen
876 1755 991 1813 laetum
1014 1747 1138 1811 insidebat

177 1835 298 1896 animis.
334 1838 418 1913 quod
434 1844 598 1913 postquam
612 1837 695 1898 veris
710 1837 823 1896 nuntiis
837 1835 923 1897 Fabii
938 1834 1138 1908 Lentuliqueet

176 1917 289 1978 Metelli
304 1921 436 1980 adventu
452 1921 602 1981 firmatum
617 1928 678 1990 est,
706 1935 776 1980 oum
789 1921 918 1980 victoria
939 1921 1009 1996 ipsu
1028 1925 1086 1979 tum
1101 1929 1138 1974 au-

176 2001 263 2074 gurio
279 2003 448 2063 animorum
462 2019 588 2063 suorum
603 2002 802 2064 laetabantur.
837 2013 868 2064 et
887 2005 978 2064 aliter
995 2002 1087 2063 editur
1099 1998 1139 2058 oir-

176 2082 279 2142 eensis
301 2086 407 2144 turbae
428 2102 490 2144 non
511 2086 611 2145 minus
633 2088 740 2148 similis
757 2087 823 2148 veri
838 2087 962 2146 laetitia.
998 2081 1139 2146 antediem

177 2162 315 2238 quintum
329 2167 479 2228 decimum
497 2168 642 2228 calendas
661 2169 826 2242 Octobres,
848 2171 994 2230 ludorum
1014 2171 1140 2230 Romano·

175 2260 243 2304 rum
260 2249 399 2309 secundo
416 2249 474 2323 die,
490 2249 522 2310 c.
537 2249 652 2312 Licinio
669 2255 789 2314 consuli
807 2254 848 2314 ad
864 2252 1034 2330 quadrigas
1048 2251 1141 2310 mittem-

176 2327 233 2388 das
255 2332 434 2392 escendenti
453 2333 643 2408 tabellarius,
671 2337 723 2411 qni
745 2355 780 2398 se
801 2354 840 2398 ex
854 2337 1042 2399 Macedonia
1060 2331 1142 2395 venire

176 2409 300 2486 diceret,
313 2417 465 2478 laureatas
477 2417 592 2478 litteras
606 2417 622 2456 *
636 2418 754 2480 dicitur.
778 2421 936 2498 quadrigis
944 2421 1050 2482 missis
1058 2413 1143 2478 consul

175 2511 298 2558 currum
324 2500 519 2575 conscendit,
548 2508 579 2562 et
603 2518 673 2562 eum
694 2520 750 2579 per
771 2507 885 2566 circum
904 2505 1098 2565 reveheretur
1115 2495 1143 2556 td

176 2578 261 2640 toros
278 2584 429 2657 publicos,
446 2587 599 2647 laureatas
614 2587 743 2648 tabellas
756 2591 873 2664 populo
885 2590 1031 2667 ostendit.
1054 2584 1145 2660 quibus

176 2669 353 2737 conspectis
360 2677 487 2746 repente
494 2671 653 2730 immemor
664 2673 832 2745 spectaculi
846 2673 982 2747 populus
995 2673 1026 2732 in
1034 2667 1143 2729 medium

175 2743 317 2808 decurrit.
352 2768 390 2813 eo
407 2760 543 2820 senatum
561 2755 670 2814 consul
685 2756 815 2828 vocavit
832 2755 1034 2831 recitatisque
1047 2749 1162 2814 tabellis⁴

175 2839 214 2882 ex
235 2833 415 2895 auctoritate
437 2843 556 2911 patrum
577 2854 632 2912 pro
654 2839 730 2898 ioris
752 2839 883 2912 publicis
905 2835 1093 2899 denuntiavit
1104 2846 1162 2912 pet

175 2909 248 2980 pulo
277 2911 312 2970 L.
342 2917 506 2979 Aemilium
533 2923 682 2996 collegam
715 2921 812 2995 signis
844 2922 964 2982 collatis
994 2937 1064 2982 cum
1089 2915 1162 2990 leit

175 2989 287 3051 Perseo
304 3010 480 3072 pugnasse3
500 3003 703 3064 Macedonum
718 3007 888 3066 exereitum
906 3021 1035 3066 caesum
1050 2997 1162 3062 tusum

175 3086 250 3168 quet
277 3091 384 3173 regem
407 3100 475 3146 oum
497 3087 605 3162 paucis
620 3086 756 3163 fugisse3
783 3088 923 3148 civitates
939 3105 1049 3150 omnes
1062 3085 1145 3145 Mace

106 3187 109 3194 .
174 3155 285 3215 domae
306 3177 338 3222 m
360 3165 514 3231 dicionem
534 3173 640 3246 populi
659 3171 790 3233 Romani
810 3173 945 3233 venisse.
980 3173 1031 3232 his
1052 3165 1146 3230 auditis

140 3251 147 3263 ¹
173 3237 288 3299 nimnor
309 3259 380 3310 oum
401 3251 515 3329 ingenti
541 3257 651 3327 plausu
677 3263 778 3324 ortus;
804 3256 886 3316 ludis
911 3257 1027 3316 relictis
1052 3254 1146 3312 domus

227 3336 283 3382 ”ta
313 3343 388 3403 pars
416 3336 571 3397 hominum
599 3338 639 3398 ad
667 3339 814 3412 coniuges
844 3340 1022 3414 liberosque
1050 3339 1145 3395 laetum

299 3425 309 3448 ⁸
327 3422 501 3484 muruham.
535 3421 640 3482 tertius
656 3423 794 3483 decimus
814 3422 881 3482 dies
896 3430 962 3484 erat
975 3424 1014 3482 ab
1029 3437 1074 3494 eo,
1095 3428 1147 3490 quo
