2328 3870
93 202 96 208 ’
196 222 238 285 se.
290 221 406 282 Lissa
418 220 479 280 xo.
506 220 588 281 cnr.
603 227 647 282 as.
658 227 703 282 so.
730 225 766 294 [ι.
778 226 813 278 υ.
825 243 848 277 0.
859 225 918 284 ὁτι.
932 239 955 276 ι.
967 221 997 275 c.
1009 222 1063 289 ror]

197 373 291 432 multa
306 370 432 431 castella
446 369 647 445 expugnavit,
663 370 763 430 donec
777 370 908 430 maxima
921 383 990 444 pars
1003 365 1134 427 Celtibem·

198 471 265 516 rum
284 455 315 514 in
333 453 518 514 deditionem
537 453 630 514 venit
660 453 795 513 XXXIV.
817 453 893 514 haec
913 450 941 511 in
961 449 1084 510 citeriore
1098 447 1134 507 lii

199 538 362 613 spaniaco
377 551 457 596 anno
472 543 569 610 gesta.
592 537 621 597 in
635 536 780 598 ulteriore
794 535 827 595 P.
840 535 968 596 Manlius
985 540 1091 608 praetor
1102 545 1135 590 so

202 622 302 681 cunda
316 620 434 695 aliquot
447 618 565 694 proelia
580 634 650 680 cum
664 619 818 680 Lusitanis
834 617 913 680 lecit
958 669 961 673 .

281 701 424 778 Aquileia
444 702 565 764 colonia
582 704 685 764 Larino
703 703 814 764 eodem
833 718 913 764 acuo
932 701 963 762 in
983 715 1049 774 agro
1062 696 1136 756 Gallo

199 803 266 847 rum
287 794 334 846 est
347 785 488 846 deducta.
500 786 573 861 ‘tria
586 787 670 846 milia
682 786 818 862 perlitum
835 781 1137 861 quinquagensimum

199 869 393 930 centuriones
408 876 546 942 centena,
561 877 691 932 centena
703 871 902 946 quadrageno
915 867 1027 944 equites
1041 876 1138 936 recepe

198 960 278 1013 runt.
306 949 453 1014 triumviri
474 953 669 1014 deduxerunt
680 954 712 1013 P.
728 953 886 1014 Cornelius
901 950 1000 1027 Scipio
1014 947 1106 1008 Nasica
1116 941 1138 1002 C.

198 1033 362 1097 Flaminius
374 1033 408 1094 L.
419 1035 550 1096 Manlius
563 1037 723 1098 Acidinus.
747 1037 842 1098 aedes
857 1037 936 1097 duae
949 1050 985 1094 eo
996 1046 1068 1094 anno
1078 1026 1138 1088 derli-

201 1127 287 1180 catae
306 1124 393 1192 sunt,
415 1135 476 1179 una
495 1120 626 1181 Veneris
646 1119 797 1181 Erucinae
816 1120 857 1179 ad
877 1128 994 1195 portam
1013 1112 1139 1175 colinam

201 1202 354 1268 dedicavit
371 1203 405 1262 L.
426 1202 553 1264 Porcius
572 1203 606 1262 L.
622 1203 656 1265 F.
671 1202 794 1264 Licinus
815 1202 969 1276 duumvir,
989 1203 1054 1260 vota
1070 1198 1140 1288 crota

201 1288 329 1347 consule
343 1286 376 1345 L.
391 1286 499 1346 Porcio
513 1286 671 1361 Ligustino
693 1287 784 1347 bello.
816 1287 913 1347 altera
931 1287 962 1345 in
974 1286 1037 1344 loro
1051 1278 1142 1340 olitono

200 1367 332 1429 Pietatis.
362 1385 428 1428 eam
450 1369 559 1430 aedem
573 1370 725 1431 dedicavit
738 1370 788 1430 Μ’.
802 1369 922 1431 Acilius
938 1365 1051 1429 Glabrio
1064 1363 1141 1452 druu-

202 1451 263 1519 vir;
286 1457 479 1526 statuamque
500 1461 652 1525 auratam,
672 1469 754 1528 quae
774 1453 876 1530 prima
897 1453 1025 1514 omnium
1042 1448 1069 1506 iu
1078 1441 1142 1540 itala

201 1540 301 1593 statua
315 1541 421 1594 aurata
434 1539 490 1607 ast,
505 1535 602 1608 patris
614 1535 786 1598 Glabrionis
798 1537 914 1613 posuit.
934 1537 1032 1596 iserat
1042 1536 1143 1604 (rutilse

202 1631 269 1676 eam
297 1617 406 1676 aedem
434 1623 576 1690 voverat,
605 1635 667 1694 quo
693 1620 744 1679 die
769 1636 840 1681 cum
867 1635 941 1696 rege
964 1611 1098 1678 Antiocho
1116 1604 1144 1666 td

201 1699 424 1777 Thennopylm
438 1700 663 1776 depugnasset;
684 1701 905 1779 locaveratque
915 1704 993 1763 idern
1004 1697 1144 1760 exsenatu

201 1785 353 1845 consulto.

285 1867 345 1927 Per
364 1867 491 1929 eosdem
511 1868 594 1944 dies,
615 1869 727 1945 quibus
743 1869 802 1929 hae
816 1871 914 1932 aedes
929 1863 1145 1930 censuerunt

203 1953 236 2010 L.
244 1949 392 2012 Aemilius
404 1948 517 2013 Paulus
528 1954 694 2027 proconsul
706 1968 745 2012 ex
751 1953 915 2026 Liguribus
927 1949 1061 2027 Ingaunis
1069 1943 1145 2008 tritu

202 2033 316 2108 phovit.
344 2033 496 2094 transtulit
516 2051 648 2097 coronas
665 2053 777 2096 urucas
792 2035 930 2112 quinque
944 2044 974 2097 et
984 2031 1092 2107 viginti,
1107 2035 1147 2084 ¹10⁰

202 2122 362 2190 praeterea
378 2116 542 2190 quicquam
557 2121 623 2178 auri
633 2121 812 2195 argentique
822 2119 855 2179 in
867 2135 905 2180 eo
916 2115 1061 2192 triumpho
1070 2112 1147 2200 laturo

203 2196 315 2270 captivi
338 2197 423 2258 multi
439 2199 594 2274 principes
609 2201 752 2276 Ligurum
765 2209 836 2263 ante
851 2218 973 2264 currum
988 2198 1071 2262 ducti.
1089 2202 1148 2252 aaut

204 2285 347 2340 trecenos
367 2279 512 2342 militibus
526 2283 637 2345 divisit.
666 2293 818 2347 auxerunt
834 2286 902 2348 eius
917 2282 1055 2360 triumphi
1067 2281 1149 2340 romeu

203 2362 294 2434 legati
307 2362 453 2438 Ligurino
467 2381 575 2440 paoem
590 2376 768 2442 perpetuam
783 2377 925 2431 orantesr
951 2371 992 2432 ita
1004 2369 1034 2428 iu
1048 2362 1150 2424 animoa

203 2440 365 2506 induxisse
378 2446 522 2521 Ligurum
543 2457 679 2526 gentem,
700 2455 784 2512 nulla
798 2469 944 2528 umquam
958 2467 1040 2514 arma
1052 2444 1103 2507 nisi
1113 2440 1150 2500 im·

204 2535 311 2602 perata
326 2545 344 2589 a
360 2532 474 2606 populo
488 2533 626 2594 Romam
648 2550 779 2596 suntcre-
805 2551 993 2612 responsum
1007 2551 1025 2594 a
1038 2533 1068 2606 Q.
1080 2523 1151 2588 Fabio

203 2618 346 2686 praetore
366 2621 414 2675 est
426 2614 587 2690 Liguribus
608 2616 696 2679 iussu
715 2626 842 2680 senatus
857 2621 1027 2682 cobbonem
1040 2629 1098 2676 eam
1109 2617 1152 2666 noo

203 2710 315 2756 novam
326 2696 487 2774 Liguribus
499 2714 586 2759 esser
608 2717 695 2762 mons
706 2717 781 2763 vero
792 2708 826 2762 ut
836 2695 1091 2765 novaatoratioui
1100 2703 1152 2752 corr

205 2778 331 2839 veniens
347 2788 445 2853 esset,
460 2782 597 2856 ipsorum
612 2783 643 2843 id
657 2787 819 2860 plurimum
833 2789 959 2847 reterre.
986 2786 1025 2848 ad
1039 2774 1154 2864 consule}

204 2859 296 2934 irent,
319 2869 350 2922 et
369 2878 448 2936 quae
468 2865 507 2924 ab
527 2865 565 2926 iis
585 2867 733 2942 imperata
752 2876 859 2930 essent
872 2872 1017 2932 lacerent.
1046 2855 1155 2948 nollit}ll

205 2957 297 3016 quam
312 2945 490 3007 consulibus
505 2957 644 3012 senatum
659 2952 843 3014 crediturum
859 2969 932 3014 esse
947 2954 1064 3014 sincera
1073 2943 1124 3007 fido
1135 2949 1157 2995 ¹¹¹

204 3039 283 3100 paee
298 3026 427 3102 Ligures
442 3045 521 3091 esse.
551 3049 612 3108 pax
626 3035 657 3094 in
671 3036 833 3110 Liguribus
849 3037 913 3098 ruit.
941 3039 973 3098 in
989 3030 1105 3097 corsica
1116 3035 1157 3097 ll·

204 3114 328 3182 gnatum
341 3127 411 3173 cum
423 3113 542 3176 Gorsis=
557 3118 596 3176 ad
607 3119 669 3178 duo
682 3119 765 3180 milia
774 3135 882 3180 corum
891 3121 931 3180 Μ.
944 3118 1078 3180 Pinarius
1089 3116 1157 3186 llll?r

204 3198 252 3251 tor
266 3191 296 3252 in
311 3195 379 3255 acie
401 3197 520 3259 occidit.
550 3216 612 3274 qua
626 3202 713 3262 clade
727 3204 879 3278 compulsi
893 3203 1020 3264 obsides
1035 3187 1158 3286 dederam

204 3283 234 3336 et
248 3289 475 3342 ceraecenurm
487 3283 569 3342 milia
581 3285 696 3358 pondo.
719 3285 791 3346 inde
804 3287 835 3346 in
848 3285 1020 3348 Sardiniam
1031 3277 1158 3350 exercitt

203 3359 330 3438 ductus,
352 3371 383 3424 et
403 3381 470 3424 oum
492 3365 667 3440 Iliensibus,
687 3376 778 3443 gente
797 3387 836 3430 ne
857 3386 938 3432 nunc
958 3368 1077 3446 quidem
1097 3363 1158 3420 mnu

205 3449 293 3512 parte
312 3456 437 3522 pacata,
464 3450 600 3510 secunda
623 3452 739 3525 proelia
760 3454 849 3514 lactc.
884 3441 1158 3528 carthaginiensibus
