2364 3862
198 187 263 252 ace
347 187 463 250 amna
473 187 574 248 mur.
598 187 681 249 cnr.
696 193 797 254 aaa.
819 193 852 260 [a.
868 185 1005 262 unam]

200 343 327 415 aierent,
342 341 464 402 obviam
479 351 607 414 egresso
618 337 802 400 Archidamo
818 337 974 412 segniores
989 335 1053 395 lacti
1062 315 1138 395 locun

200 428 353 488 adversae
374 423 496 485 factioni
518 422 667 484 dederant
680 423 720 482 ad
732 421 892 496 Popillium
912 436 979 480 cum
991 417 1139 493 milleped-

200 512 283 572 tibus
298 510 336 568 ab
348 507 513 568 Ambracla
523 505 752 568 arcessendum.
767 506 797 568 in
809 509 984 579 lamporeet
993 501 1139 574 Dinarchus,

201 595 377 671 praefectus
394 590 529 666 equitum
542 589 641 664 gentis
655 589 847 662 Aetolorum,
868 603 938 648 cum
952 583 1091 646 sescentis
1102 599 1139 660 pe·

201 678 316 740 ditibus
342 683 372 736 et
394 673 549 750 equiuhus
575 679 690 736 oentum
710 675 795 736 veuit.
825 671 899 735 satis
926 668 1077 732 constabat
1091 683 1140 726 em

201 771 356 836 tamquam
376 760 416 818 ad
429 757 544 817 Persea
565 757 739 818 madentem
756 755 887 821 Stratum
901 753 1036 825 venisse,
1055 757 1140 812 mutato

200 844 312 905 dende
332 855 401 902 cum
422 841 544 900 lortuna
564 841 670 902 animo
685 840 831 904 Romanis
853 854 903 912 se,
930 839 1072 897 adversus
1085 849 1141 909 quos

199 933 342 1001 venerat,
361 924 511 986 iunxisse.
534 940 592 986 nec
612 924 761 1001 Popillius
781 923 918 984 securrior
938 937 1029 996 quam
1043 917 1143 978 debehat

198 1025 271 1071 esse
285 1010 363 1070 inter
377 1017 439 1070 tam
459 1006 584 1070 mobilia
603 1007 724 1084 ingenia
738 1014 811 1071 erat.
833 1007 936 1068 claves
953 1011 1097 1080 portarum
1107 1016 1142 1060 cu·

198 1095 394 1169 studiumque
408 1091 564 1152 armorum
578 1106 655 1152 suae
668 1093 822 1166 extemplo
838 1089 999 1166 potestatis
1020 1087 1094 1158 lecit,
1109 1084 1143 1143 lli-

198 1178 346 1240 narchum
360 1176 552 1250 Aetolosque
566 1191 637 1236 omn
657 1173 812 1236 iuventute
833 1173 1014 1236 Stratiorum
1027 1168 1056 1230 in
1070 1181 1143 1230 acen

198 1278 255 1338 per
276 1259 421 1336 praesidii
441 1259 579 1332 speciem
600 1259 722 1320 amovit.
746 1258 879 1326 Perseus
899 1256 938 1317 ab
953 1250 1143 1316 imminentibu

199 1345 353 1419 superiori
373 1343 456 1417 parti
471 1342 557 1403 urbis
584 1341 707 1405 tumulis
727 1341 880 1417 temptatis
901 1338 1077 1412 colloquiis,
1098 1348 1145 1392 om

197 1428 370 1487 obstinatos
385 1433 478 1500 atque
491 1425 581 1486 etiam
597 1425 666 1486 telis
678 1425 785 1500 procul
796 1432 935 1486 arcentes
948 1423 1070 1495 videret,
1084 1417 1146 1494 quin·

198 1525 260 1584 que
274 1507 356 1591 milia
372 1523 522 1583 passuum
535 1508 575 1569 ab
590 1509 665 1568 urbe
676 1516 759 1570 trans
770 1503 931 1568 Petitarum
945 1520 1061 1569 amnem
1072 1499 1147 1578 posuit

197 1599 309 1652 cestra.
336 1591 378 1652 ibi
400 1591 528 1652 musitio
550 1592 701 1654 advocato
723 1607 791 1654 omn
811 1590 1018 1652 Archidamus
1037 1585 1147 1662 Epirota

197 1691 330 1750 rumque
343 1676 520 1748 transfugae
534 1675 707 1748 renuerent,
722 1675 925 1742 Macedonum
941 1673 1093 1748 principes
1104 1682 1148 1726 noa

196 1759 396 1835 pugnandum
417 1775 487 1818 cum
507 1758 618 1819 intento
640 1766 777 1835 tempore
799 1761 869 1820 anni
884 1764 1062 1828 censerent,
1081 1750 1148 1814 nullis

199 1843 390 1918 praeparatis
405 1842 641 1915 commeatibus,
663 1859 731 1903 curn
746 1842 879 1918 inopiam
893 1841 981 1917 prius
999 1839 1149 1901 obsidentes

198 1941 291 2000 quam
305 1925 428 1986 obsessi
444 1925 565 1988 sensuri
581 1933 694 1998 essent,
708 1926 839 1986 maxime
854 1925 937 2002 quod
949 1924 1083 1984 hoellum
1091 1915 1150 1979 haul

197 2011 307 2084 procul
328 2008 400 2068 inde
420 2009 548 2070 hiberna
562 2016 662 2082 erant,
683 2009 803 2070 territus
817 2008 848 2068 in
862 2008 1063 2082 Aperantiam
1073 2009 1151 2082 casta

197 2092 300 2152 movit.
327 2091 477 2165 Aperanti
498 2108 567 2152 eum
588 2099 715 2166 propter
733 2091 911 2153 Archidami
931 2107 1073 2166 magnam
1092 2088 1151 2146 lna

194 2180 288 2246 gente
300 2175 428 2246 gratiam
443 2176 716 2250 auctoritatemque
731 2189 887 2236 consensu
899 2176 1037 2236 omnium
1048 2183 1152 2244 accepe

197 2261 282 2314 runtr
312 2257 341 2314 is
361 2257 430 2330 ipse
450 2271 519 2318 cum
541 2260 781 2334 octingentorum
801 2258 928 2322 rutilum
946 2255 1102 2333 praesidio
1119 2251 1152 2310 ils

194 2343 245 2397 est
267 2337 474 2412 praepositus.
502 2341 606 2400 XXIII.
626 2357 682 2404 rex
703 2357 771 2402 cum
789 2357 850 2403 non
871 2342 994 2404 minore
1014 2335 1154 2401 vexatione

77 2433 82 2452 ⁸
196 2419 640 2499 iumentorumhomInumque,
664 2441 753 2499 quam
769 2425 948 2497 veneratio
963 2421 1154 2484 Macedonian

196 2503 301 2566 rediit=
329 2507 463 2580 Appium
484 2513 585 2566 tomen
607 2508 644 2566 ab
667 2507 829 2568 obsidione
849 2507 1005 2569 Phanotes
1028 2503 1154 2568 lamadu

193 2587 293 2682 -centis
307 2590 346 2649 ad
363 2588 494 2650 Stratum
505 2588 608 2650 Persei
620 2591 790 2653 summovit.
807 2591 915 2652 Cleuas
932 2608 1005 2652 cum
1022 2586 1155 2667 praesidio

195 2671 393 2744 impigrorum
408 2674 551 2733 Iuvenum
565 2674 722 2738 insecutus
734 2673 792 2735 sub
802 2674 960 2736 radicibus
970 2691 1073 2750 prope
1086 2667 1156 2732 tuuis

195 2754 343 2840 montium
364 2756 403 2814 al
424 2757 505 2816 mille
524 2755 680 2818 hominum
699 2756 875 2830 ergamine
890 2758 1043 2833 impedito
1057 2750 1172 2830 occidit¹

195 2833 400 2896 adducentes
416 2839 506 2912 cepit.
529 2840 650 2914 Appius
666 2840 818 2914 superatis
831 2841 994 2916 augustiis,
1010 2843 1042 2902 in
1059 2835 1172 2910 campa

195 2929 288 3010 quem
310 2919 451 2980 Meleona
470 2930 596 2994 vocant,
618 2924 727 2982 stativa
742 2922 858 2982 dierum
873 2941 1050 2999 paucorum
1063 2918 1158 2983 hahuit

196 3001 315 3056 mterrm
343 3001 453 3064 Cleuas
479 3004 642 3079 adsumpto
668 3005 867 3080 Philostrato,
901 3009 955 3083 qui
980 3008 1158 3083 Epirotarum

193 3085 317 3147 gentem
340 3082 547 3172 babebatpin
579 3104 684 3164 agrum
709 3089 951 3162 Antigonensem
977 3085 1159 3150 transcendit.

194 3157 382 3227 Macedones
392 3170 433 3229 ad
445 3169 715 3244 depopulationem
727 3173 873 3246 prolecti;
888 3173 1095 3238 Philostratus
1106 3181 1161 3230 oum

192 3241 323 3306 cohorte
343 3265 401 3311 sun
420 3253 451 3311 in
466 3251 585 3314 insidiis
599 3255 668 3314 loco
685 3255 817 3316 obscuro
833 3257 985 3318 consedit.
1007 3259 1041 3317 in
1057 3257 1161 3332 palatos

192 3328 396 3400 populatores
412 3351 480 3396 cunr
495 3336 670 3410 erupissent
684 3339 722 3397 ab
734 3337 907 3414 Antigonea
920 3341 1042 3416 armati,
1059 3337 1161 3413 lugien-

191 3412 239 3466 tes
256 3426 311 3474 eos
333 3427 555 3496 persequentes
575 3418 703 3481 effusius
718 3419 748 3480 in
770 3424 880 3483 vallem
894 3423 1053 3486 insessam
1068 3423 1104 3483 ab
1118 3419 1162 3477 ho
