2328 3870
228 223 340 285 LIBER
353 223 413 285 lib.
437 223 521 285 cal.
535 232 635 288 asso.
659 228 815 304 [senar]
969 225 1008 292 io

60 338 126 456 quos
139 383 269 452 tempore
284 375 406 439 aiebant
421 392 501 452 opus
516 391 598 451 esse,
616 384 650 438 ut
663 378 768 453 generi
782 380 896 454 agresti
910 381 1008 444 borni·

11 449 12 480 ³
59 475 109 522 num
121 460 360 536 persuaderetur.
382 459 495 542 adhoc
509 460 629 534 [decem
644 460 773 535 diuum]
787 462 924 525 insudas
938 481 1008 530 eum

11 583 12 592 η
57 545 184 616 darentur,
209 543 360 618 petierunt
384 543 511 617 deinde,
537 559 577 603 ne
596 550 681 606 trans
702 551 822 606 montes
848 550 1008 623 proximos

55 626 138 687 cosuls
150 625 324 704 pabulatum
337 627 547 704 lignatumque
561 627 775 692 milltssirsnto
797 631 1008 696 cmtoealooc

10 723 12 754 †
53 725 152 772 suorum
170 709 276 771 linium
294 726 375 771 esse.
403 711 437 771 id
449 711 502 773 ubi
517 710 736 788 impetravere,
758 722 831 790 post
847 730 904 776 eos
920 717 1007 792 ipsos

10 793 11 800 ’
53 799 159 869 montes,
177 795 259 856 unde
281 800 452 866 averterant
471 794 608 869 bostem,
628 797 766 859 exercitu
782 798 865 859 omni
887 807 1007 875 coacto,

51 884 149 952 repente
161 877 352 942 multitudine
365 877 480 954 ingenti
492 884 594 940 casua
603 880 811 944 Romanorum
823 891 1007 959 oppugnare

51 959 119 1022 simul
130 961 267 1023 omnibus
283 961 380 1040 portis
391 962 533 1040 adgressi
545 971 625 1024 sunt
646 979 765 1025 surmus
776 965 914 1028 vitorum
923 966 1006 1030 dmm

8 1073 9 1076 ¹
51 1051 250 1122 oppugnarunt,
272 1047 315 1110 ita
333 1052 426 1108 utne
445 1044 595 1107 efferendi
617 1045 741 1123 quidem
756 1046 845 1123 signa
858 1049 1005 1112 Romanis

6 1563 8 1620 i

5 1701 7 1834 o

50 1127 154 1205 spatium
172 1144 229 1190 nee
250 1130 293 1190 ad
313 1130 528 1207 explicandam
542 1131 639 1193 aciem
652 1133 740 1192 loccis
755 1139 850 1193 asset
877 1130 1006 1196 conserti

49 1211 71 1270 in
81 1213 163 1287 portis
177 1213 331 1275 obstando
345 1214 445 1290 magis
460 1229 553 1288 quam
568 1215 735 1290 pugnando
751 1222 853 1276 eastra
865 1216 1005 1278 tutebeo·

48 1302 90 1355 tu.
102 1295 152 1357 sub
163 1313 309 1360 oceasum
320 1297 397 1360 solis
409 1311 480 1359 eum
491 1298 696 1360 recessissent
705 1296 1006 1376 hostesduosequi-

49 1384 83 1444 les
94 1379 126 1442 ud
139 1379 188 1440 cn.
208 1381 359 1442 Baebium
374 1381 592 1458 proconsulem
606 1397 675 1442 cum
689 1381 796 1443 literis
807 1382 894 1446 Pism
909 1383 1005 1458 nrittit,

49 1469 72 1522 ut
83 1463 197 1528 obsesso
220 1481 278 1544 per
297 1465 430 1527 indutias
449 1464 511 1526 sibi
533 1481 624 1541 quam
643 1463 775 1541 primum
795 1467 1004 1530 subsidiave

49 1543 113 1607 niret
130 1545 261 1610 Baebius
277 1550 445 1610 exereitum
455 1549 496 1609 nl.
507 1549 629 1612 Pinario
643 1550 777 1626 praeteri
793 1551 876 1612 cunti
887 1551 918 1612 in
932 1550 1004 1614 Sar·

50 1625 135 1691 diniam
152 1633 333 1694 tradiderat:
352 1639 496 1700 ¹ceterum
514 1640 548 1693 et
565 1641 706 1694 senatum
721 1632 828 1695 litteris
843 1634 1003 1698 certiorem

48 1711 101 1774 iacit
112 1714 241 1779 obsideri
257 1716 447 1792 abiguribus
462 1717 495 1776 L.
508 1717 679 1790 Amulium
693 1724 725 1778 et
735 1717 774 1776 ld.
788 1717 1003 1780 claudioblar-

49 1797 220 1874 alacrius
242 1801 386 1876 proxima
406 1800 478 1861 inde
492 1801 652 1875 provincia
666 1806 746 1872 erat,
768 1799 894 1876 scripsit
907 1806 955 1872 ut,
975 1797 1004 1862 si

49 1879 172 1944 videretur
193 1885 235 1959 el,
260 1883 427 1946 exercitum
442 1897 461 1944 e
476 1882 575 1945 Gallia
594 1882 770 1946 traduceret
780 1882 815 1942 ln
828 1882 958 1956 ligures
973 1889 1004 1946 et

48 1961 72 2020 l.
81 1966 229 2031 Aemilium
243 1967 388 2028 liberaret
401 1968 574 2029 obsidione.
604 1967 681 2026 baec
695 1981 767 2028 sera
780 1966 881 2028 futura
892 1964 1003 2028 anaxilla

48 2057 119 2110 erant
145 2051 272 2127 Ligures
294 2052 333 2112 ad
356 2059 458 2113 casua
471 2058 598 2128 postero
614 2049 665 2110 dis
679 2049 817 2112 redeunt.
853 2048 1003 2112 Aemilius

4 2183 5 2190 ,
47 2143 98 2192 oum
106 2140 132 2194 et
141 2142 287 2199 venturos
301 2136 413 2198 scisset
423 2142 454 2197 et
464 2134 597 2196 educere
608 2135 638 2194 in
651 2132 747 2196 acina
759 2131 1004 2210 potulssetitttra

4 2277 5 2280 ,
49 2213 133 2278 talum
152 2235 226 2284 suos
245 2221 356 2294 tenuit,
376 2225 410 2279 ut
424 2219 598 2280 extraheret
610 2233 675 2278 rem
690 2217 720 2278 in
735 2217 768 2278 id
780 2225 918 2295 tempus,
940 2233 1002 2292 qno

47 2293 152 2364 Baebius
172 2319 242 2365 eum
264 2303 400 2364 exercitu
415 2303 520 2363 venire
534 2319 553 2364 a
566 2302 645 2362 Pisis
667 2309 784 2377 posset
811 2302 918 2366 XXVI.
943 2302 1002 2364 Ro-

4 2387 5 2448 l
48 2393 97 2440 moe
113 2399 248 2462 magnam
268 2387 502 2463 trepidationem
523 2387 640 2447 litterae
660 2385 768 2446 bacini
789 2387 941 2457 lecerunt,
964 2400 1002 2446 oo

4 2453 6 2520 l
48 2461 165 2530 molerem
187 2472 273 2550 quod
288 2486 406 2548 paucos
421 2479 493 2547 pest
508 2471 574 2530 dies
588 2469 768 2543 Marcellus,
788 2468 899 2532 madito
915 2482 1000 2530 exer·

4 2587 6 2624 3
48 2544 92 2608 tior
101 2549 187 2616 labio
200 2555 332 2618 Romam
347 2570 415 2616 eum
429 2555 575 2627 venbset,
589 2567 678 2628 spem
691 2552 805 2613 ademit
818 2565 888 2612 eum
905 2550 1002 2624 quiin

49 2627 121 2695 Gallio
133 2646 215 2702 esset
228 2639 395 2700 exereitum
410 2640 440 2700 in
454 2639 582 2714 ligures
598 2649 695 2712 posse
709 2634 836 2708 uadosi,
852 2633 925 2707 quia
939 2632 1002 2694 bel-

4 2775 5 2780 ,
49 2709 93 2774 lim
107 2733 169 2784 cum
180 2721 294 2787 Histris
310 2729 395 2784 esset
414 2720 646 2799 prohibentibus
663 2717 816 2780 coloniam
830 2716 1003 2790 Aquileiam

49 2793 148 2864 aduri:
173 2821 210 2868 eo
232 2807 402 2884 proiectum
414 2806 556 2879 Fabium,
577 2817 680 2879 neque
699 2800 772 2863 inde
786 2800 906 2876 regredi
920 2799 1002 2862 bello

48 2876 162 2948 inchoate
187 2905 293 2968 posse.
326 2906 403 2962 una,
431 2897 462 2949 et
481 2903 519 2949 ea
539 2889 609 2963 ipsa
632 2885 750 2948 tardior
770 2899 861 2960 quam
881 2891 1003 2960 tempus

50 2967 204 3048 postulabat,
220 2973 352 3035 subsidii
366 2987 441 3048 spes
456 2978 536 3044 erat,
552 2973 579 3032 si
593 2969 741 3034 eonsules
754 2976 959 3034 mctrrrossent
972 2969 1002 3029 in

50 3052 209 3120 orevineiam
223 3057 277 3118 ire.
299 3055 332 3117 id
346 3065 379 3119 ut
393 3056 537 3128 lacerent,
552 3071 608 3132 pro
623 3071 659 3115 se
674 3054 806 3130 quisque
817 3060 936 3130 patrum
950 3068 1003 3113 vo·

49 3127 152 3198 alienari.
172 3141 316 3202 eonsules
331 3140 391 3201 nisi
406 3141 545 3201 coniecto
561 3137 673 3200 dilectu
688 3151 802 3214 negare
812 3153 884 3202 sese
895 3138 1002 3210 ituros,

51 3225 92 3274 flio
108 3235 187 3288 suam
206 3223 366 3300 segnitiem
386 3224 443 3285 scd
464 3223 525 3282 vim
546 3223 645 3284 morbi
664 3223 695 3284 in
717 3237 812 3284 eausa
829 3237 915 3294 esse,
938 3235 1001 3294 quo

50 3298 126 3361 serlus
145 3308 348 3380 perficeretur.
379 3323 441 3368 non
461 3314 562 3368 mmen
583 3312 747 3382 potuerunt
761 3305 914 3370 sustinere
928 3317 1000 3362 eon-

50 3389 150 3447 seosum
168 3399 307 3466 senatus,
330 3392 403 3470 quin
418 3392 554 3472 paludati
569 3391 701 3463 exirent,
717 3396 747 3450 et
760 3388 904 3450 militibus
920 3398 1001 3458 quos

4 3535 6 3550 ‚
51 3467 215 3548 conscriptes
228 3476 378 3537 haberent
392 3474 474 3535 diem
488 3474 658 3545 edicerent,
678 3488 739 3549 quo
754 3472 841 3532 Pisas
856 3466 1002 3528 conveni·
