2328 3870
8 229 10 310 Ξ
139 202 337 263 trunnxnt.
361 177 857 274 cne.1.‘[·.u.a.srs.·.c.ue]
926 193 988 259 103

8 365 9 368 ’
43 358 85 426 vin
100 353 126 417 iu
140 353 210 414 ioris
229 351 377 428 publicis,
397 351 449 411 ubi
463 349 681 410 lectisternium
695 353 775 421 orat,
797 347 923 406 deorum
938 363 989 408 ca-

44 441 96 515 pita,
118 435 241 513 quaein
262 437 349 496 tectis
371 441 471 508 erant,
496 439 672 494 averterunt
693 447 744 504 se,
769 431 900 505 lanaque
921 445 991 490 eum

42 521 234 598 integumentis,
257 535 337 596 quoe
352 519 418 580 iovi
438 517 584 594 opposita
598 516 661 590 luit,
676 513 799 576 decidit.
830 514 992 574 demensa

40 607 101 666 oleas
120 620 239 681 quoque
260 610 482 680 praegustasse
503 615 605 661 mures
627 601 657 660 in
678 597 853 676 prodigium
867 612 991 658 versum

38 697 78 750 est.
100 689 134 748 ad
146 705 181 748 ea
195 688 353 764 expianda
370 685 445 746 nihii
459 686 538 746 nitra
553 701 644 759 quum
660 691 692 744 ut
708 683 771 744 iudi
785 682 991 742 instauraren-

38 780 72 832 tu
83 779 166 832 actum
179 779 235 832 cst.

396 959 600 972 m·

333 1168 476 1262 ΤΙΊῚ
518 1165 656 1261 livi

283 1320 340 1382 AB
361 1317 479 1384 URBE
503 1314 709 1382 CONDITA

392 1435 503 1497 linuit
523 1431 598 1497 xtt.

8 1719 9 1724 Ἰ
48 1653 174 1710 tritonii.
200 1661 274 1725 Ignis
293 1659 320 1708 iu
338 1658 401 1708 aede
413 1657 508 1708 Vestae
525 1655 666 1706 exstinctus
684 1658 733 1701 est.
769 1649 810 1698 Ti.
823 1645 990 1714 Sempronius

8 1735 9 1784 j
73 1726 184 1778 Gracchus
202 1727 344 1794 proconsul
357 1725 494 1776 Celtiberos
509 1725 590 1774 victos
601 1721 629 1771 in
643 1719 798 1770 deditionem
810 1719 917 1834 aocefiit,
935 1731 990 1765 mo·

71 1807 254 1860 numentumque
272 1811 380 1861 operum
395 1809 500 1844 snorum
516 1789 680 1843 Gracchurim
693 1787 819 1852 oppidum
832 1787 858 1834 in
891 1784 1002 1848 ispania,

8 1883 10 1908 r
72 1865 198 1925 eonsdtuit3
220 1876 246 1916 et
259 1881 276 1914 a
287 1865 420 1916 Postumio
432 1862 526 1914 Albino
539 1857 693 1927 proconsule
709 1854 820 1905 Vaccaei
833 1867 864 1904 ao
875 1852 989 1902 Lusitani

8 1945 10 1970 ὲ
72 1935 154 1984 satam
170 1942 238 1984 snut.
266 1939 380 1997 'uterque
395 1931 572 1998 triumphauit.
603 1923 745 1977 Antiochus
767 1920 888 1972 Antiochi
913 1917 989 1978 iliius,

8 2023 9 2072 t
69 2002 131 2052 obses
140 2004 264 2054 homnis
278 2019 295 2052 a
306 2011 379 2068 patre
391 2002 467 2054 datus
478 2007 578 2050 mortuo
591 1997 668 2048 lintre
679 1992 795 2050 Seleuco,
810 1992 854 2053 qni
865 1989 932 2056 patri
946 1987 990 2038 de*

71 2069 327 2132 iunctosuooesserat,
343 2073 488 2136 integrum
502 2068 590 2135 Syriae
607 2066 640 2116 ab
657 2063 719 2114 urbe
737 2061 874 2119 dimissus,
892 2065 993 2124 praeter

8 2149 9 2156 ¹
71 2139 211 2206 religionem,
222 2156 277 2206 qua
288 2140 369 2191 muita
382 2139 478 2204 templa
490 2136 627 2203 magnifica
638 2132 724 2184 multis
736 2130 799 2181 locis
812 2129 900 2187 erexit,
911 2125 991 2176 Athe·

72 2209 103 2258 nis
113 2211 174 2260 lovis
184 2211 299 2278 Olympii
311 2218 335 2260 et
344 2207 500 2259 Antiocheae
510 2203 656 2271 Capitolini,
668 2201 820 2253 vilissimum
832 2211 920 2264 regem
929 2196 990 2262 egit.

8 2279 10 2304 ³
70 2273 161 2328 lustrum
173 2295 189 2330 a
200 2280 352 2330 censoribus
365 2278 494 2327 conditum
506 2283 559 2325 cst:
581 2287 656 2324 censa
671 2278 730 2322 sunt
741 2269 835 2320 muium
847 2266 932 2331 capita
944 2264 1006 2313 (ἰαί

71 2354 130 2396 mnu
139 2352 276 2416 sexaginta
286 2349 336 2398 tria
352 2347 424 2396 milia
433 2345 541 2396 ducenta
554 2343 693 2408 nonaginta
702 2345 829 2402 quattuor.
863 2335 894 2396 Q.
907 2333 993 2382 Voco-

71 2414 117 2464 nius
130 2415 195 2468 sm
206 2419 327 2470 tribunus
338 2415 420 2480 plebis
432 2415 516 2480 legem
527 2412 600 2472 tulit,
614 2426 646 2460 ua
657 2409 716 2473 quis
727 2404 847 2456 heredem
858 2399 992 2452 mulierem

8 2495 10 2552 ζ
73 2480 207 2536 institueret.
238 2487 322 2536 suasit
333 2485 418 2550 legem
429 2483 465 2532 M.
479 2481 555 2532 Ceto:
575 2486 657 2530 exstat
669 2476 750 2526 oratio
768 2473 833 2523 eins.
862 2477 993 2535 praeterea

8 2559 9 2618 ᾗ
72 2565 103 2598 res
114 2563 194 2605 contra
205 2557 318 2623 Ligures
328 2553 427 2602 Histros
441 2549 535 2600 Sardos
546 2556 571 2598 et
581 2546 745 2598 Celtiberosa
757 2539 931 2604 compluribus
945 2535 992 2584 du·

8 2623 9 2672 ἶ
72 2619 130 2670 cibus
146 2638 269 2691 prospere
290 2630 377 2689 gestas
394 2630 419 2670 et
434 2620 507 2669 initia
523 2617 584 2667 belli
601 2610 759 2664 Macedonici
778 2607 904 2663 continet,
923 2601 993 2664 quod

8 2741 9 2744 ,
73 2686 164 2741 Peneus
180 2693 296 2758 Philippi
307 2686 382 2740 'illins
399 2689 560 2738 moliebatur.
595 2685 700 2732 miserat
717 2677 750 2727 ad
769 2671 993 2751 Carthaginienses

73 2752 218 2824 leCalenam,
231 2773 257 2813 et
269 2762 302 2812 ab
313 2761 347 2810 lis
357 2765 430 2810 nocte
444 2757 534 2808 audita
545 2761 606 2804 erat.
631 2750 678 2801 sed
689 2755 714 2796 et
724 2744 788 2795 alias
800 2741 919 2794 Graeciae
931 2739 993 2790 orvi-

71 2830 125 2877 iates
136 2829 297 2882 sol'n‘citabat.

98 2938 117 2996 l·
134 2940 188 3002 **a
199 2950 288 3019 patra
299 2939 330 3001 iu
343 2955 422 3016 pecc
434 2938 567 2998 habitam
576 2945 724 3004 armasse,
733 2942 835 3004 coque
845 2924 993 2985 iuventuti

39 3020 174 3085 luctandi
194 3025 330 3102 cupidae
351 3028 513 3099 pergratus
534 3033 607 3079 esec
628 3014 795 3076 dicebatur.
828 3008 992 3070 consilium
1025 3013 1028 3017 '

40 3093 67 3154 ii
76 3100 190 3170 Histrico
212 3105 294 3172 bello
317 3125 387 3170 curn
401 3106 529 3166 haberet
543 3098 669 3172 consul,
689 3097 740 3157 alii
754 3093 923 3172 gerendum
938 3106 991 3150 ex-

39 3181 137 3264 tempto,
154 3201 316 3270 autequam
330 3189 513 3252 contrahere
528 3186 637 3262 copias
651 3183 758 3243 hostes
773 3183 919 3255 possent,
941 3173 991 3233 alii

41 3271 229 3338 consulendum
253 3277 341 3354 prius
364 3279 505 3336 senatum
530 3266 707 3330 censebant
738 3261 811 3323 vicit
831 3262 991 3328 sententia,

42 3359 99 3417 inae
116 3357 189 3420 diem
203 3376 265 3421 non
286 3356 472 3446 proterebat.
502 3355 658 3429 proiectus
673 3349 712 3408 ab
726 3344 868 3423 Aquileia
882 3337 992 3399 consul

8 3491 9 3526 ,
41 3437 116 3497 tustra
136 3443 172 3502 ad
190 3445 291 3506 lacum
310 3440 426 3504 Timavi
452 3435 570 3514 posuit:
598 3432 732 3494 imminet
751 3427 826 3488 mari
847 3425 874 3484 is
895 3423 992 3483 lacus.
