2368 3858
190 199 305 262 turult
318 202 408 262 xlv.
430 202 512 264 cAP.
526 209 568 264 19.
580 211 624 263 no.
646 207 728 276 [ec.
741 209 802 275 ιιι]
918 199 980 266 271

24 353 98 414 ambo
111 352 245 414 infirmos
260 351 414 414 distractis
430 354 555 428 viribus,
578 360 608 415 et
622 355 763 415 omnibus
777 353 894 416 iniuriis
910 372 979 431 pro·

23 437 129 511 busque
139 435 293 497 obnoxios
305 437 386 496 iores
397 437 425 495 si
434 443 538 510 totum,
551 437 743 512 privatumne
755 439 981 513 ergomaiorem

24 522 141 593 ιιιιιοω,
162 525 201 578 an
218 521 358 580 exsulem
377 517 429 579 illa
442 527 557 594 aetate,
577 520 629 580 illa
642 521 783 597 corporis
797 522 979 596 infirmitate,

22 603 53 663 al
68 603 195 663 ultimum
219 603 298 662 mori
318 603 495 664 iussurum?
522 602 677 678 egregium
700 605 794 679 enim,
819 614 853 667 ut
867 605 979 666 tabulis

21 687 128 746 unditus
139 684 304 762 impiorum
315 687 441 746 fratrum
452 693 581 746 eventus
592 687 855 762 tacentum-Persei
866 689 979 749 exitum

19 768 113 841 vileri,
135 769 187 845 qui
209 785 251 829 ex
272 770 405 831 fraterna
419 770 647 845 moderantum
665 771 806 832 diadema
819 772 849 831 in
864 771 978 847 templo

20 851 243 926 Samothracum,
258 854 342 913 velut
351 852 565 928 praesentibus
576 853 636 914 diis
648 855 840 929 exigentibus
851 870 978 930 poenas,

20 935 155 1010 nipedes
178 936 305 996 victoris
326 935 426 996 hostis
449 943 621 1011 prostratus
642 936 789 1012 posuerit
810 953 867 998 eos
881 938 979 1014 ipsos,

21 1018 128 1093 quinon
143 1018 186 1078 illi
201 1019 293 1079 amici
307 1020 366 1078 sed
379 1019 505 1080 Eumeni
520 1019 622 1081 iniesti
637 1020 793 1081 stimulent
806 1036 890 1092 eum,
914 1021 978 1095 pie·

20 1108 94 1161 tatem
115 1103 381 1176 constantiamque
402 1103 594 1175 laudaturos,
621 1103 648 1164 si
669 1103 762 1162 iidem
783 1105 822 1164 ad
843 1104 980 1164 ultimum

20 1184 87 1244 fratri
106 1185 322 1260 praestitisset
348 1186 413 1245 le
434 1186 511 1246 haec
532 1187 602 1261 plus
623 1187 749 1246 valuere
763 1187 793 1245 in
808 1186 900 1246 Attali
916 1187 979 1246 ani·

20 1283 66 1328 uo.
84 1270 185 1345 itaque
204 1269 397 1330 introductus
418 1267 449 1328 in
463 1277 617 1343 senatum,
640 1268 807 1344 gratulatus
821 1269 980 1330 victoriam

21 1357 102 1426 estet
115 1369 172 1413 sua
187 1353 298 1412 merita
312 1367 350 1414 eo
363 1351 445 1413 bello
460 1354 633 1428 fratrisque,
648 1353 676 1413 si
687 1367 747 1427 qua
761 1360 855 1427 mani,
871 1359 902 1412 et
910 1352 978 1412 Gal-

20 1435 98 1508 lorum
119 1437 340 1509 delectionem,
363 1451 443 1512 quae
464 1452 563 1511 nuper
582 1435 696 1511 ingenti
710 1444 795 1497 motu
809 1437 889 1497 lactu
906 1442 979 1510 orel,

21 1521 157 1594 exposuit3
182 1519 285 1596 petiit,
305 1526 339 1579 ut
353 1520 471 1595 legatos
485 1521 614 1581 mitteret
628 1520 669 1579 ad
683 1535 755 1592 eos,
779 1536 909 1596 quorum
925 1537 979 1580 au·

22 1603 138 1662 ctoritate
153 1603 193 1662 ab
209 1601 303 1662 armis
317 1609 526 1664 avocarentur.
545 1603 593 1663 his
609 1620 665 1679 pro
679 1604 767 1678 regni
778 1604 904 1664 utilitate
916 1601 979 1662 edi-

22 1684 214 1758 tismandatis,
233 1688 355 1746 Aenum
369 1686 428 1746 sibi
443 1694 474 1747 et
483 1686 659 1748 Maroneam
671 1687 763 1761 petiit.
785 1685 826 1746 itu
837 1685 981 1746 destituta

23 1783 109 1829 eorum
120 1785 186 1845 spe,
201 1770 255 1845 qui
267 1770 359 1829 iratre
370 1777 515 1832 accusato
527 1769 811 1845 umutionemregni
819 1768 980 1842 petiturum

23 1853 206 1926 crediderant,
225 1852 340 1914 curiam
355 1852 498 1914 excessit.
520 1862 554 1915 ut
567 1869 637 1913 raro
652 1852 728 1912 alias
746 1853 909 1927 quisquam
925 1866 981 1910 rex

23 1935 225 2010 attenuatus,
247 1944 329 1997 tanto
346 1937 452 1998 lavore
465 1943 613 2011 tantoque
633 1935 768 1996 omnium
782 1935 919 1994 adsensu
933 1940 982 1994 est

23 2019 139 2080 auditus:
161 2019 306 2081 omnibus
328 2021 497 2081 honoribus
518 2017 757 2093 muneribusque
778 2026 809 2079 et
830 2032 980 2092 praesens

23 2108 59 2161 est
70 2104 164 2164 cultus
179 2111 211 2164 et
227 2103 473 2178 proficiscentem
489 2103 645 2179 prosecuti
659 2110 741 2162 sunt.
757 2125 759 2130 ·

87 2187 166 2247 luter
186 2191 300 2248 multas
319 2188 413 2248 Asiae
429 2187 637 2262 Graeciaeque
656 2186 824 2261 legationes
844 2184 980 2246 Rhodio-

23 2281 74 2328 lum
83 2271 214 2331 maxime
226 2270 315 2346 legati
328 2270 477 2332 civitatem
489 2278 713 2331 converterunt.
726 2285 871 2330 namnum
882 2269 980 2343 primo

23 2347 133 2414 investe
148 2354 281 2415 candida
294 2355 353 2414 visi
368 2361 480 2427 essent,
497 2355 580 2430 quod
596 2361 627 2414 et
639 2355 826 2427 gratulantes
841 2352 978 2421 decebat

24 2439 47 2493 et
54 2435 77 2494 si
87 2439 243 2498 sordidam
254 2446 371 2498 vestem
382 2438 571 2510 habuissent,
583 2437 748 2511 lugentium
759 2435 863 2494 Persei
876 2450 981 2493 casum

24 2519 152 2590 praebere
163 2521 302 2595 speeiem
314 2529 462 2596 poterant,
477 2528 641 2597 postquam
652 2519 782 2580 consulti
793 2519 831 2577 ab
843 2517 881 2575 M.
896 2516 981 2575 lunio

25 2605 133 2662 consule
148 2611 253 2680 patres
269 2604 419 2665 stantibus
433 2604 463 2663 in
479 2604 600 2665 comitio
615 2601 733 2676 legatis,
748 2618 785 2659 an
802 2601 902 2659 lecum
918 2600 980 2656 lau-

24 2682 55 2742 tia
66 2694 264 2762 senatumque
278 2689 393 2761 durent,
408 2690 523 2748 nullum
536 2686 688 2760 hospitale
703 2685 751 2743 ius
766 2684 795 2741 in
807 2682 844 2741 iis
856 2697 981 2741 servan-

26 2765 82 2828 inm
102 2768 301 2844 censuerunt,
324 2785 471 2845 egressus
494 2771 614 2831 ecuria
634 2769 758 2839 consul,
780 2782 848 2826 cum
871 2763 982 2826 Rhodii

25 2854 190 2921 gratulatum
210 2869 246 2914 se
267 2855 305 2913 de
324 2853 454 2914 victoria
474 2863 697 2929 purgatumque
711 2850 842 2910 civitatis
857 2849 983 2908 crimina

26 2931 145 2998 dicentes
159 2936 285 2998 venisse
301 2937 465 3012 petissent,
485 2945 519 2998 ut
538 2945 663 2998 senatus
679 2935 737 2996 sibi
753 2935 891 3004 daretur,
914 2949 982 3009 pro·

27 3021 132 3094 nuntiat,
155 3023 251 3082 sociis
266 3026 297 3081 et
310 3021 415 3080 amicis
431 3027 460 3080 et
474 3021 533 3080 aila
548 3019 673 3090 comiter
687 3027 779 3092 atque
794 3018 983 3092 hospitaliter

26 3109 166 3170 praestare
180 3107 337 3166 Romanos
352 3113 382 3166 et
396 3112 534 3165 senatum
548 3105 622 3163 dare
638 3118 821 3162 consuesse:
845 3101 981 3162 Rhodios

27 3195 74 3242 uon
88 3186 127 3247 ita
144 3188 269 3248 meritos
285 3189 434 3262 cubebo,
454 3195 488 3248 ut
506 3188 672 3248 amicorum
687 3186 840 3247 sociorum
856 3199 981 3243 numero

27 3261 142 3331 habendi
161 3273 230 3333 sint.
258 3271 307 3332 his
327 3272 438 3332 auditis
459 3279 691 3346 prostraverunt
711 3285 747 3331 se
768 3285 874 3330 ornnes
891 3265 981 3335 humi,

29 3354 231 3430 consulemque
252 3363 283 3416 et
304 3363 432 3416 cunctos
454 3356 505 3429 qui
528 3355 655 3415 aderant
676 3362 815 3424 orentes,
841 3365 879 3408 ne
903 3362 983 3406 nova

30 3428 151 3511 fusaque
172 3439 297 3500 crimina
318 3440 388 3515 plus
404 3439 516 3500 obesse
531 3439 659 3499 Rhodiis
675 3453 806 3512 aequum
822 3436 983 3492 censerent
