2368 3858
136 173 194 220 vrtr
568 155 596 205 T·
615 155 694 205 nvn

136 313 201 362 adeo
215 311 281 360 laets
297 315 357 360 exte
371 307 513 358 immolanti
528 306 608 356 luisse
616 307 704 357 scribit
713 307 811 368 Livius,
828 314 857 357 nt
864 309 986 359 custodiri
995 322 1024 357 se
1033 307 1116 356 Postu·

135 382 204 431 mins
220 379 350 444 haruspex
365 378 482 437 voluerit,
501 376 592 440 eapitis
610 375 915 441 suppliciamentum,
933 377 986 426 nisi
1000 391 1040 435 ea,
1059 391 1118 439 quoe

136 452 162 499 in
180 449 266 498 animo
286 446 358 498 Sulla
374 447 493 505 baberet,
511 443 561 494 diis
578 444 722 495 iuvantibus
740 446 774 494 im
793 445 906 496 levisset.
935 446 1073 510 Augustis.
1091 446 1119 494 de

136 518 187 570 ctu.
206 518 256 566 net
271 516 311 582 11,
329 513 371 566 24.
401 515 441 579 Of.
460 511 590 563 Plutarch.
609 512 672 562 Seu.
691 527 748 576 esp.
768 459 793 566 ξ

146 595 156 610 “
464 583 551 636 *Em
569 585 613 639 tib.
632 585 793 637 LXXXIII.

189 665 222 716 17)
242 658 343 708 Eversis
361 658 456 721 quippe
473 663 498 705 et
518 655 637 706 incensis·
651 656 768 704 omnibus
786 671 843 705 cum
862 655 956 720 oppido
975 653 1121 704 simulacris

136 728 221 778 solum
232 727 359 776 Minervae
376 725 539 774 simulacrum
556 724 603 773 sub
621 729 691 773 tanta
709 723 783 772 ruine
796 725 884 789 templi
896 723 974 784 illius,
994 732 1024 772 ut
1039 723 1121 772 scribit

135 798 231 859 Livius,
250 797 377 859 integrum
395 794 495 843 stetisse
511 792 667 859 perhibetur.
696 793 830 857 Augustis.
848 793 881 843 de
895 794 946 844 Oiv.
959 793 1012 842 Dei
1028 787 1121 856 111‚t.

137 867 175 930 Os.
195 862 349 914 Fretmtem.
368 861 494 925 Smptem.
513 877 570 924 esp.
586 857 612 912 t.

515 926 594 979 *Es
611 930 654 982 lib.
674 927 744 980 XOI.

187 1007 222 1062 18)
242 1000 318 1052 Nocte
334 1007 419 1050 tamen
436 998 578 1062 insequenti
594 999 651 1063 ipso
668 996 836 1062 pervigilante
854 997 880 1045 in
895 997 986 1046 eodem
1004 995 1065 1046 loeo
1076 995 1121 1044 alis

137 1072 247 1124 excitata
264 1070 342 1123 turris
359 1069 442 1133 prima
459 1067 515 1118 luce
533 1067 653 1120 miraculo
671 1065 788 1116 hostibus
803 1064 861 1117 fnit.
892 1065 972 1116 simul
991 1073 1018 1115 et
1036 1064 1122 1129 oppidi

136 1141 222 1200 turris,
240 1153 305 1202 quae
321 1139 460 1187 maximum
472 1135 692 1202 propugnaculum
703 1134 793 1194 iuerat,
802 1197 804 1204 Ι
812 1134 924 1183 subrutis
936 1133 1123 1196 fundamentis,

136 1208 268 1260 dehiscere
279 1207 423 1272 ingentibus
434 1207 515 1268 rimis,
534 1212 558 1254 et
574 1212 628 1254 tum
644 1203 804 1268 conflagrare
814 1203 920 1253 dumiso
937 1203 1042 1267 facium
1063 1201 1122 1266 igni,

136 1278 233 1342 coepit;
259 1276 421 1339 incendiique
442 1274 520 1324 simul
538 1280 563 1323 et
578 1273 666 1322 ruinae
687 1282 756 1322 metu
779 1272 860 1321 territi
878 1269 1079 1322 Contrebienses
1095 1270 1122 1319 de

136 1359 209 1395 muro
227 1345 320 1410 trepidi
338 1344 496 1409 refugerunt;
516 1350 550 1407 et,
568 1350 596 1392 nt
614 1341 694 1406 legati
704 1341 862 1391 mitterentur
875 1340 910 1390 ad
921 1340 1071 1392 dedendam
1082 1353 1122 1388 ur·

135 1415 202 1472 bem,
222 1414 255 1462 ab
266 1414 386 1462 universa
397 1410 558 1461 multitudiue
571 1411 755 1460 conclamatum
768 1415 815 1458 est.
844 1409 934 1459 eadem
944 1411 1040 1467 virtus,
1060 1421 1122 1471 quae

134 1483 261 1530 irritantes
280 1486 478 1546 oppugnaverat,
494 1481 616 1529 rictorem
633 1476 823 1544 placabiliorem
835 1479 904 1528 lecit.
934 1477 1072 1528 obsidibus
1083 1490 1122 1524 ec·

135 1549 216 1613 ceptis
233 1549 357 1612 pecuniae
375 1548 501 1598 modicam
519 1549 605 1612 exegit
622 1562 756 1606 summurn,
775 1561 895 1609 armaque
914 1547 1000 1596 omnia
1016 1545 1122 1596 ademit.

134 1617 283 1683 transfugas
306 1617 399 1666 liberos
421 1618 493 1667 vivos
517 1616 551 1665 ad
573 1629 602 1666 se
620 1615 713 1666 adduci
735 1617 825 1665 iussit:
848 1613 988 1680 fugitivos,
1014 1627 1120 1677 quorum
1182 1606 1183 1621 ¹

136 1687 217 1736 maior
233 1685 366 1736 multitudo
384 1692 451 1747 eret,
476 1686 540 1751 ipsis
559 1685 707 1750 imperavit,
729 1691 757 1734 nt
778 1684 957 1733 interficerent.
991 1683 1121 1748 iugulatos

135 1755 167 1805 de
185 1769 257 1805 muro
276 1755 427 1805 deiecerunt.

189 1821 252 1873 (lum
263 1837 357 1890 magna
367 1824 462 1873 iectura
473 1822 584 1872 militnm
601 1829 719 1885 quattuor
732 1831 757 1871 et
769 1821 941 1886 quadraginta
952 1819 1047 1870 diebus
1059 1817 1120 1868 Gon·

135 1893 215 1942 trebia
238 1899 399 1958 expugnata,
421 1891 560 1956 relictoque
583 1892 619 1942 ibi
642 1892 673 1941 L.
691 1890 785 1940 Insteio
806 1903 860 1938 asa
877 1888 961 1938 salide
977 1887 1119 1950 praesidis,

135 1975 192 2024 rpse
212 1961 244 2010 ad
257 1961 376 2011 Hiberum
393 1959 488 2010 flumen
505 1960 593 2025 copias
607 1959 722 2010 adduxit.
749 1958 785 2008 ibi
797 1955 1121 2008 hibemseulissecnntium

136 2029 268 2092 oppidum,
286 2030 355 2090 quod
366 2027 452 2078 Castra
468 2028 542 2079 Aelia
560 2037 671 2087 vocatur,
690 2026 830 2077 aedificatis
848 2027 946 2091 ipsein
965 2027 1056 2074 castrls
1069 2038 1119 2074 rna·

134 2097 223 2144 nebat:
250 2096 360 2145 interdiu
381 2104 534 2146 conventum
559 2098 684 2147 socierum
702 2096 842 2146 civitatium
858 2095 886 2144 in
904 2093 999 2159 oppido
1018 2093 1119 2158 agebat.

135 2177 208 2212 arma
228 2170 257 2213 nt
274 2163 362 2212 flerent
383 2177 429 2226 pro
446 2165 527 2229 copiis
551 2167 674 2228 cuiusque
695 2163 785 2231 populi
802 2178 850 2228 per
865 2170 944 2212 totam
962 2162 1120 2226 provinciam

135 2230 262 2288 edixerat3
288 2231 380 2291 quibus
398 2232 519 2296 inspeetis
537 2231 631 2282 referre
649 2241 732 2283 cetera
749 2247 820 2282 arma
837 2232 932 2281 milites
950 2231 1037 2295 iussit,
1056 2244 1119 2293 quae

135 2305 178 2346 aut
195 2298 326 2347 itineribus
344 2299 454 2359 crebris,
472 2309 516 2349 aut
534 2301 758 2366 oppugnationibus
775 2308 802 2350 et
814 2301 919 2364 proeliis
935 2301 1036 2349 imttr'lt’a
1053 2298 1119 2347 secta

136 2372 215 2426 erent,
234 2380 349 2430 novaque
366 2368 430 2418 viris
446 2381 493 2433 per
509 2371 667 2420 centuriones
680 2370 776 2420 divisit.
806 2370 947 2432 equitatum
961 2382 1065 2431 quoque
1075 2382 1119 2416 no·

135 2435 174 2483 vis
193 2435 313 2485 iustruxit
335 2437 428 2496 armis,
449 2439 650 2500 vestimentaque
665 2444 816 2503 praeparate
833 2445 892 2488 aute
911 2438 1006 2496 divisa,
1031 2445 1058 2486 et
1075 2435 1118 2484 sti·
1180 2472 1181 2475 ι

135 2503 258 2565 pendium
270 2504 365 2558 dutum.
384 2505 481 2566 fabros,
497 2521 559 2556 cura
570 2507 735 2570 conquisitos,
746 2505 860 2570 undique
873 2507 1013 2565 exciverat,
1026 2504 1118 2568 quibus

135 2569 237 2650 oiilcinc
254 2570 359 2638 publiea
375 2575 489 2626 instituta
505 2583 634 2639 uteretur,
654 2576 753 2624 ratione
776 2576 853 2639 inita,
877 2574 940 2638 quid
956 2574 984 2623 in
1002 2572 1117 2638 singulos
1155 2624 1157 2628 ,

134 2639 189 2688 dres
207 2639 274 2691 effici
289 2644 380 2707 possit.
406 2645 491 2707 itaque
509 2645 594 2695 omnia
610 2643 686 2694 simul
698 2645 865 2693 instrumente
875 2643 937 2694 belli
947 2643 1116 2708 parabantnr;

133 2720 216 2784 neque
240 2711 344 2760 materia
365 2713 503 2763 artificibus
525 2713 683 2778 praeparatis
705 2720 765 2762 ante
788 2713 905 2762 omnibus
928 2712 1005 2761 enixo
1031 2709 1117 2760 civita·

132 2781 197 2824 trum
214 2779 308 2838 studio,
324 2793 371 2830 nec
385 2795 432 2830 sno
445 2782 552 2844 quisque
564 2783 635 2846 operi
647 2780 739 2832 artifex
750 2782 845 2831 deerat.
867 2781 1013 2831 convocatis
1028 2779 1116 2830 deinde

133 2845 247 2924 omnium
266 2847 421 2910 populorum
438 2848 608 2913 legationibus
626 2859 651 2900 et
667 2849 821 2910 eivitatium,
840 2850 938 2915 gratias
956 2849 1020 2914 egit,
1040 2847 1115 2910 quoti,

133 2923 199 2992 quae
213 2921 337 2976 rmperatn
352 2922 435 2965 esseut
453 2919 480 2965 in
494 2917 625 2978 pedestres
641 2920 742 2981 copias,
757 2920 963 2981 praestitissent:
982 2931 1049 2979 quas
1063 2919 1115 2982 ipse

131 2991 172 3024 res
187 2994 215 3060 sn
230 2981 395 3043 defendendis
409 2987 492 3048 coelis,
512 3000 625 3049 quasque
643 2987 670 3036 in
685 2986 864 3052 oppugnandis
881 2986 988 3036 urbibus
1005 2983 1114 3036 hostiurn

132 3056 268 3110 gessisset,
293 3053 426 3114 exposuit,
444 3060 468 3102 et
487 3054 520 3102 ad
537 3054 633 3117 reliqua
651 3055 712 3105 belli
730 3055 874 3106 cohortatus
891 3063 930 3107 est
946 3054 1040 3120 paucis
1059 3054 1115 3104 edo·

132 3119 201 3194 ctos,
226 3127 348 3180 quantum
363 3119 501 3186 Hispaniae
518 3125 664 3186 provinciae
682 3127 829 3184 interesset,
855 3138 918 3174 suas
935 3130 1024 3188 perles
1043 3136 1115 3186 supe·

131 3196 211 3234 rrores
223 3201 288 3236 esse.
308 3187 414 3240 dimisso
428 3190 519 3240 deiude
537 3199 671 3253 conventu,
686 3193 813 3256 iussisque
828 3193 946 3242 omnibus
957 3189 1023 3241 hono
1038 3193 1114 3241 amus

80 3261 87 3267 ’
131 3263 194 3310 ²³⁸2,
212 3263 287 3320 atque
305 3257 332 3306 in
349 3259 464 3309 civitates
480 3258 564 3308 redire
580 3273 655 3321 suas,
680 3261 807 3325 principio
824 3262 893 3310 veris
908 3261 944 3311 M.
962 3260 1113 3326 Perpernam

130 3329 189 3367 cum
207 3323 299 3388 viginti
316 3325 418 3377 milibus
440 3327 572 3392 peditum,
594 3329 721 3391 equitibus
738 3328 810 3378 mille
828 3329 990 3395 quingentis,
1014 3331 1040 3378 in
1058 3328 1114 3378 ller-

131 3395 238 3438 caonurn
257 3399 358 3458 gentem
375 3396 452 3457 misit,
473 3394 507 3445 ed
525 3395 646 3445 tuendam
663 3396 776 3461 regionis
794 3398 850 3446 eins
862 3399 1018 3448 maritimam
1031 3411 1112 3452 orama
