2364 3862
167 175 231 240 aso
296 175 801 239 chaumesiacum.
824 181 1020 251 [aueum]

166 337 382 410 pervenerunt,
395 337 426 390 et
436 329 507 404 vagi
519 345 558 390 ex
570 333 642 404 luga
654 330 789 404 quinque
796 329 1041 390 millahominum
1049 335 1136 405 capta

168 433 208 477 ax
222 414 388 476 victoribus
403 412 580 474 ceciderunt
591 430 653 474 non
665 415 735 488 plus
747 419 877 486 centum,
893 418 1040 474 eteorum
1052 415 1135 474 multo

167 499 266 560 maior
279 513 353 574 pars
366 496 493 572 Peligni.
515 497 663 557 vulnerati
678 498 834 573 aliquanto
850 498 954 572 plures
966 501 1047 557 sunt.
1064 496 1136 571 quod

168 584 195 644 si
210 582 356 644 maturius
371 579 501 656 pugnari
512 588 656 656 coeptum
667 589 761 652 esset
774 580 894 642 alsatis
906 578 967 640 diei
978 579 1136 640 victoribus

168 669 209 728 ad
229 666 478 742 persequendum
499 671 696 739 superesset,
716 665 835 725 deletae
856 679 963 726 omnes
978 661 1089 738 copiae
1103 665 1137 723 lo

167 759 249 812 centa
272 765 354 810 nunc
374 747 534 808 imminens
554 765 618 809 nox
637 757 668 808 et
688 748 840 823 rugientes
862 747 937 809 texit
956 753 987 807 et
1000 745 1137 808 Romanis

168 833 319 910 pigritiem
334 833 374 893 ad
389 832 582 908 sequendum
596 831 673 893 locis
688 830 802 907 ignotis
817 831 896 892 iecit.

250 917 352 978 XLlll.
373 915 506 976 Perseus
529 916 569 976 ad
588 915 717 976 Pieriam
739 916 848 976 silvam
863 915 914 976 via
927 914 1065 990 militari,
1088 917 1138 975 ire

170 1000 272 1077 quenti
293 1000 414 1075 agmine
435 997 571 1076 equitum
591 1005 622 1060 et
640 999 726 1074 regio
742 999 885 1061 comitatu
900 998 984 1074 fugit.
1013 999 1138 1060 simulin

170 1085 278 1146 silvam
291 1092 416 1152 ventum
432 1090 494 1158 est,
510 1083 562 1144 uhi
577 1084 682 1159 plures
697 1083 840 1144 diversae
854 1083 980 1144 semitae
995 1092 1094 1158 erant,
1116 1088 1139 1142 et

167 1185 230 1229 nox
244 1167 522 1244 appropinquabat,
539 1182 608 1229 cum
622 1168 788 1242 perpaucis
804 1167 936 1228 maxime
950 1167 1021 1228 fidis
1033 1166 1083 1226 via
1093 1167 1138 1226 de

165 1251 264 1314 vertit.
293 1252 413 1327 equites
433 1251 501 1312 sine
522 1250 600 1312 duce
619 1251 716 1312 relicti
736 1251 787 1312 alii
802 1250 862 1312 alia
874 1250 904 1310 in
920 1250 1058 1311 civitates
1073 1265 1140 1310 suas

166 1336 278 1412 dilapsi
297 1341 384 1406 sunt;
414 1332 562 1410 perpauci
582 1335 654 1395 inda
680 1334 794 1396 Pellam
814 1336 945 1395 celerius
963 1350 1058 1409 quam
1078 1333 1140 1409 ipsc

165 1419 306 1491 Perseus,
323 1419 395 1494 quia
409 1426 493 1480 recta
508 1419 652 1494 expedita
666 1417 717 1479 via
731 1418 837 1494 ierant,
853 1425 1069 1494 pervenerunt
1089 1433 1140 1476 rex

166 1502 206 1562 ad
226 1501 358 1562 mediam
378 1503 473 1562 lerme
494 1509 616 1564 noctem
632 1508 749 1584 terrore
764 1511 794 1564 et
807 1502 900 1563 variis
916 1501 1141 1562 difficultatibus

165 1585 234 1646 viae
250 1593 379 1647 vexatus
400 1585 429 1645 in
445 1585 562 1660 regiam
576 1585 736 1661 ingressus
751 1591 808 1646 est.
831 1601 867 1646 ac
881 1585 997 1647 Perseo
1013 1585 1065 1661 qui
1078 1585 1139 1644 Pel·

166 1671 214 1730 lae
238 1677 399 1745 praeerant
420 1669 555 1730 Eulaeus
575 1669 754 1745 Euctusque
776 1678 806 1730 et
825 1670 901 1744 regii
917 1670 1006 1745 pueri
1021 1677 1140 1744 praesto

166 1762 261 1815 erant.
282 1762 389 1814 conua
409 1769 447 1814 ea
467 1753 650 1829 amicarum,
675 1753 726 1828 qui
747 1754 797 1814 alii
811 1753 871 1814 alio
887 1769 963 1814 casu
979 1751 1092 1814 servati
1106 1769 1140 1813 ex

166 1836 283 1912 proelio
295 1837 408 1897 Pellam
419 1845 576 1912 venerant,
588 1854 657 1898 cum
669 1852 765 1912 saepe
776 1835 916 1898 arcessiti
927 1845 1042 1911 essent,
1054 1852 1139 1896 nemo

165 1922 205 1981 ad
226 1937 295 1982 eum
315 1921 407 1982 venit.
435 1928 499 1981 tres
520 1927 607 1982 erant
626 1928 742 1981 tantum
762 1937 831 1982 cum
846 1936 884 1981 eo
901 1921 992 1994 lugae
1007 1919 1139 1994 comites,

166 1994 308 2065 Euander
322 2003 483 2077 cretensis,
500 2003 565 2064 Neo
579 2004 727 2065 Boeotius
742 2011 773 2064 et
784 2003 991 2064 Archidamus
1005 2004 1139 2064 Aetolus.

165 2102 233 2146 curn
254 2087 306 2160 iis,
327 2089 387 2148 iam
408 2093 565 2161 metuens,
586 2104 640 2162 ne,
664 2089 715 2163 qui
735 2087 841 2148 venire
861 2087 902 2147 ad
917 2102 952 2147 se
967 2087 1140 2160 abnuerent,

165 2168 263 2230 maius
279 2170 395 2244 aliquid
409 2185 484 2230 mox
503 2171 665 2244 auderent,
689 2177 797 2247 quarta
811 2170 915 2246 vigilia
929 2170 1073 2246 profugit
1096 2185 1140 2230 se-

164 2251 225 2311 cuti
250 2267 319 2312 eum
344 2258 416 2311 sunt
439 2253 605 2314 admodum
631 2255 788 2330 quingenti
815 2255 987 2315 cretenses.
1022 2253 1144 2328 petebat

162 2333 386 2410 Amphipolim:
416 2335 472 2396 sed
493 2344 584 2398 nocte
605 2353 624 2396 a
642 2337 725 2398 Pella
740 2338 871 2412 exierat,
887 2353 1060 2412 properans
1075 2344 1142 2398 ante

163 2419 261 2477 lucem
268 2419 380 2479 Axium
392 2434 512 2478 amnem
522 2421 660 2495 traicere,
673 2437 743 2482 eum
752 2422 844 2482 finem
856 2422 1007 2496 sequendi
1018 2428 1142 2496 propter

163 2501 370 2563 difficultatem
386 2503 532 2565 transitus
548 2505 614 2564 lora
627 2511 712 2565 ratus
726 2503 883 2566 Romanis.

245 2585 349 2647 XLIV.
366 2587 538 2662 Consulem,
555 2603 624 2648 eum
639 2604 674 2648 sc
688 2589 719 2648 in
734 2596 835 2649 castra
852 2589 950 2649 victor
963 2589 1142 2663 recepisset,

162 2686 203 2728 ne
224 2670 345 2732 sincero
367 2671 480 2746 gaudio
496 2672 662 2744 frueretur,
687 2688 759 2732 eura
773 2673 813 2732 de
827 2673 945 2732 minore
960 2671 1024 2731 lilio
1040 2672 1143 2732 stimu-

162 2754 253 2813 labat.
280 2753 312 2812 P.
333 2755 437 2829 Scipio
458 2753 485 2814 is
507 2762 586 2830 erat,
608 2755 773 2816 Africanus
788 2762 818 2816 et
836 2755 906 2829 ipse
920 2761 1032 2830 postca
1045 2755 1143 2816 deleta

162 2836 341 2911 Carthagine
357 2839 543 2912 appellatus,
559 2839 702 2899 naturalis
718 2838 855 2900 consulis
870 2838 956 2900 Pauli
971 2838 1068 2914 lilius,
1089 2837 1142 2898 ad·

162 2917 289 2992 optione
300 2919 436 2980 Africani
447 2937 556 2998 nepos.
568 2923 595 2983 is
607 2921 770 2997 septimum
782 2923 934 2983 decimum
946 2928 1020 2983 tunc
1031 2937 1143 2982 annum

161 3015 273 3074 agens,
297 3002 381 3076 quod
395 3003 498 3078 ipsum
514 3021 617 3066 curam
632 3006 778 3080 augebat,
800 3006 873 3066 dum
888 3005 989 3066 effuse
1004 3005 1144 3082 sequitur

160 3081 277 3158 hostes,
294 3085 324 3144 in
341 3093 456 3160 partem
472 3089 562 3148 aliam
577 3089 665 3149 turha
680 3089 799 3150 ablatus
811 3097 892 3158 eram
915 3097 946 3150 et
960 3091 1062 3150 serius
1075 3103 1144 3148 crura

160 3167 301 3242 redisset,
316 3175 388 3230 tunc
403 3171 534 3246 demum,
549 3178 675 3245 recepto
690 3173 810 3246 sospite
825 3173 898 3247 filio,
913 3171 1063 3232 victoriae
1079 3178 1142 3231 tau-

164 3257 213 3308 tae
226 3253 373 3326 gaudium
388 3257 497 3315 consul
512 3255 617 3314 sensit.

245 3335 453 3410 Amphipolim
469 3353 537 3396 cum
548 3339 608 3396 iam
624 3339 703 3398 lama
714 3354 835 3413 pugnae
846 3337 1051 3414 pervenisset
1068 3351 1140 3398 con·

161 3429 333 3490 cursusque
348 3425 552 3480 matronarum
567 3419 597 3477 in
612 3423 757 3494 templum
772 3422 895 3494 Dianae,
919 3439 1011 3496 quam
1026 3424 1145 3482 Tauro·
