2364 3862
168 185 230 250 ato
315 185 429 245 traua
443 184 547 244 xnrv.
569 184 652 244 car.
666 191 764 247 saar.
787 189 869 258 [au.
882 188 978 256 asar]

168 355 259 400 suum
273 337 449 411 consilium,
471 336 552 396 idem
567 343 691 412 postea,
712 334 754 395 ita
768 342 802 396 ut
813 333 962 396 transisse
976 334 1006 394 in
1021 337 1130 394 senten·

167 425 239 485 tiam
252 439 349 484 meam
361 420 458 481 videri
469 427 585 495 posset,
597 419 698 480 tacuit.
713 419 895 494 quibusdam
907 420 973 482 alde
985 418 1131 480 absentem

171 523 299 583 carpere
328 506 540 581 imperatorem
562 521 654 579 quam
675 509 868 579 praesentem
889 518 1014 564 monere
1035 502 1131 562 melius

168 594 269 652 visum
285 597 341 650 est.
365 597 395 650 et
409 589 472 662 tibi,
486 588 518 647 P.
533 587 658 663 Nasica,
674 595 704 647 et
719 587 902 663 quicumque
916 586 997 647 idem
1013 586 1097 662 quod
1109 594 1132 647 ta

168 676 319 738 occultius
334 680 505 746 senserunt,
521 689 580 733 non
596 672 748 748 gravabor
757 671 887 731 reddere
898 671 1009 733 dilatae
1022 685 1132 746 pugnae

168 760 327 821 rationem.
348 773 419 816 nam
434 763 547 818 tantum
563 756 652 818 abest
666 763 699 817 ut
711 771 760 814 me
773 755 934 816 hesternae
946 754 1058 832 quietis
1071 769 1132 829 pao·

169 845 278 916 niteat,
299 847 333 902 ut
346 848 502 901 servatum
523 857 542 900 a
561 856 609 900 mc
630 840 797 901 exercitum
812 855 849 900 eo
864 841 993 900 consilio
1009 837 1131 899 credam.

168 927 198 987 in
216 943 277 1002 qua
291 941 340 986 me
355 923 501 1000 opinione
516 940 588 984 esse
603 941 641 986 ne
657 925 726 1000 quis
743 925 809 984 sine
822 939 917 984 causa
931 931 1068 984 vestrum
1080 936 1132 980 cre·

169 1011 229 1084 dat,
244 1015 457 1084 recognoscat,
472 1009 612 1084 agedum,
628 1025 756 1082 mecum,
769 1007 797 1069 si
807 1006 935 1079 videtur,
950 1023 1042 1083 quam
1053 1005 1133 1065 multa

168 1111 224 1171 pro
239 1094 329 1155 hoste
349 1101 380 1154 et
394 1093 544 1154 adversus
565 1107 622 1154 nos
638 1093 759 1153 tuerint.
780 1091 840 1152 iam
856 1092 988 1152 omnium
1005 1090 1133 1166 primaru,

168 1186 315 1255 quantum
335 1192 463 1238 numero
485 1193 543 1238 nos
566 1183 737 1252 praestent,
760 1177 910 1236 neminem
929 1182 1066 1237 vestrum
1088 1188 1134 1232 nec

169 1272 239 1324 ante
250 1263 422 1338 ignorasse,
435 1269 464 1322 et
475 1262 619 1321 hesterno
633 1260 683 1321 die
694 1260 877 1335 explicatam
888 1259 1040 1320 intuentes
1048 1255 1134 1318 aciem

169 1347 436 1415 animadvertisse,
460 1350 575 1405 certum
596 1345 705 1405 habeo.
734 1359 774 1402 ex
794 1343 852 1406 hac
872 1351 977 1404 nostra
992 1341 1135 1419 paucitate

169 1435 278 1506 quarta
296 1445 369 1504 pars
389 1430 514 1490 militum
530 1429 684 1504 praesidio
706 1426 931 1503 impedimentis
943 1426 1051 1488 relicta
1065 1430 1134 1493 crab
1169 1488 1170 1492 ,

168 1529 226 1573 nec
245 1511 477 1598 ignavissimum
499 1529 652 1589 quemque
665 1511 796 1586 relinqui
811 1513 850 1573 ad
865 1512 1036 1574 custodiam
1052 1508 1135 1572 sarci·

168 1612 275 1657 narum
296 1596 391 1656 scitis.
414 1597 471 1657 scd
493 1597 640 1658 fuerimus
662 1611 779 1674 omnes.
807 1613 935 1672 parvum
949 1595 1010 1657 hoc
1024 1593 1135 1656 tandem

169 1697 241 1742 esso
256 1679 425 1752 credimus,
448 1681 532 1756 quod
547 1697 586 1741 ex
600 1681 648 1742 his
664 1681 790 1756 castris,
812 1681 842 1740 in
857 1681 968 1756 quibus
982 1680 1040 1740 hac
1055 1683 1135 1738 nocte

168 1764 345 1838 mansimus
361 1763 471 1826 exituri
486 1763 516 1824 in
530 1766 627 1824 aciem
641 1765 791 1826 hodierno
806 1772 858 1825 aut
872 1781 1024 1825 summum
1038 1759 1134 1822 crasti-

168 1865 208 1909 no
224 1849 289 1921 die,
306 1847 332 1908 si
347 1849 389 1908 ita
400 1847 564 1922 videbitur,
580 1848 640 1909 diis
655 1848 733 1908 bene
748 1848 935 1924 iuvantibus,
952 1853 1077 1908 sumust
1097 1845 1134 1905 ni·

168 1932 249 1992 hiine
261 1933 395 2006 interest,
409 1941 508 1992 utrum
519 1933 651 2004 militem,
665 1948 756 2006 quem
766 1947 867 2006 neque
877 1929 944 1993 via‘e
955 1932 1042 1992 tabor
1053 1930 1135 1990 hodie

167 2032 268 2091 neque
283 2016 386 2090 operis
402 2016 586 2092 fatigaverit,
607 2017 790 2090 requietum,
806 2016 954 2090 integrum
970 2015 1001 2075 in
1016 2013 1134 2076 tentorio

167 2115 226 2159 suo
248 2115 332 2157 arma
353 2115 465 2173 capere
480 2099 602 2172 iubeas,
625 2107 717 2175 atquc
731 2099 761 2160 in
777 2099 873 2160 aciem
888 2101 1012 2176 pienum
1026 2096 1136 2169 virium,

169 2183 320 2255 vigentem
341 2187 371 2240 et
391 2197 523 2256 corpore
544 2190 574 2241 et
588 2183 688 2243 animo
711 2185 843 2258 educas,
864 2200 903 2244 an
924 2185 1017 2258 longo
1038 2182 1136 2242 itinere

166 2265 322 2337 fatigatum
337 2270 367 2323 et
382 2279 475 2324 onere
490 2267 614 2337 fessum,
636 2267 809 2326 madentem
823 2268 946 2340 sudore,
969 2264 1136 2328 ardentibus

167 2346 215 2406 siti
231 2346 386 2420 saucibus,
412 2363 466 2407 ore
481 2355 573 2423 atque
588 2350 686 2409 ocutis
700 2351 825 2426 repletis
842 2354 986 2426 pulvere,
1011 2354 1135 2411 torrente

165 2430 333 2490 meridiano
348 2432 430 2506 sole,
450 2431 531 2492 hosti
547 2432 662 2494 obicias
677 2435 806 2509 recenti,
826 2435 980 2510 requieto,
999 2435 1050 2510 qui
1062 2433 1136 2492 nulia

165 2529 199 2574 rc
212 2521 281 2575 ante
297 2522 494 2591 consumptas
509 2514 592 2576 vires
608 2519 648 2576 ad
663 2519 812 2592 proelium
829 2519 969 2578 ecferata
992 2519 1069 2594 quis,
1085 2531 1135 2592 pro

166 2599 257 2658 deum
274 2599 373 2672 fidem,
389 2600 431 2661 ita
445 2607 650 2676 comparatus,
666 2602 715 2660 vel
730 2603 812 2662 iners
822 2608 917 2676 atque
928 2601 1065 2672 imbellis,
1080 2603 1135 2660 ror-

166 2682 315 2742 tissimum
335 2684 434 2745 virum
455 2701 515 2744 non
536 2685 661 2744 vicerit?
683 2685 757 2760 quid
772 2686 856 2760 quod
869 2686 976 2746 hostes
993 2702 1048 2761 per
1061 2699 1135 2744 sum-

164 2779 247 2826 mum
267 2767 361 2826 otium
383 2769 589 2828 instruxerant
609 2767 719 2842 aciem,
742 2777 1001 2845 praeparaverant
1015 2767 1133 2836 animos,
1179 2797 1181 2838 ς

164 2848 286 2908 stabant
301 2852 462 2926 compositi
477 2853 543 2912 suis
559 2852 691 2926 quisquc
707 2853 880 2926 ordinibus,
904 2852 997 2914 nobis
1011 2861 1080 2914 tunc
1092 2865 1134 2908 re·
1179 2893 1181 2898 .

165 2938 256 3005 pente
270 2934 483 3006 trepidandum
501 2936 530 2995 in
547 2935 613 2994 acie
624 2935 802 2996 instruenda
812 2943 878 2996 erat
889 2943 920 2996 et
930 2932 1135 3011 incompositis
1180 2991 1181 2996 ,

165 3017 430 3075 concurrendum?
450 3016 581 3077 XXXIX.
604 3026 635 3078 at
649 3018 773 3078 hercule
787 3019 883 3078 aciem
900 3019 1024 3094 quidem
1038 3018 1135 3078 incon·

165 3096 258 3156 ditem
272 3097 535 3175 inordinatamque
550 3099 781 3176 habuissemuS,
803 3107 904 3163 castra
919 3105 1048 3177 munita,
1072 3113 1134 3176 pro-

163 3180 261 3240 visam
276 3182 479 3256 aquationem,
496 3189 592 3243 tutum
607 3184 646 3243 ad
662 3199 729 3245 eam
739 3187 796 3247 iter
807 3187 970 3261 praesidiis
982 3183 1134 3262 impositis,

164 3267 324 3339 explorata
343 3267 424 3325 circa
447 3267 561 3326 omniat
588 3282 627 3325 an
648 3268 722 3327 nihil
743 3268 840 3329 nostri
854 3270 1002 3332 habentes
1024 3271 1136 3345 praeter

164 3347 279 3407 nudum
295 3363 444 3423 campum,
466 3350 496 3408 in
513 3365 573 3424 quo
590 3360 818 3425 pugnaremus?
836 3355 969 3416 maiores
984 3351 1075 3414 vestri
1089 3363 1134 3408 ca-

167 3435 230 3487 stra
250 3428 364 3490 munita
385 3437 505 3504 portum
527 3433 567 3490 ad
588 3449 693 3493 omnes
714 3449 806 3496 casus
822 3438 975 3497 exercitus
992 3433 1135 3496 ducebant
