2368 3858
166 173 229 236 296
338 173 454 232 LIBER
467 171 556 231 XLV.
573 169 655 228 CAP.
666 177 710 230 42.
722 176 766 230 43.
782 175 819 242 [a.
831 173 866 224 U.
879 192 902 225 c.
913 174 977 240 585]

167 332 375 400 septuagenos
393 323 518 398 quinos,
539 322 808 398 gubernatoribus,
824 320 921 398 quiin
936 323 1066 384 navibus
1083 325 1138 386 lue·

167 416 243 483 rant,
259 409 383 483 duplex,
398 405 552 480 magistris
568 405 690 466 navium
703 406 904 481 quadruplex.

252 492 384 551 Senatus
405 490 517 550 deinde
538 488 658 549 habitus
681 497 736 550 est.
765 496 869 563 patres
891 497 1092 561 censuerunt,
1114 497 1143 548 ut

168 577 202 650 Q.
225 576 351 636 Cassius
370 573 484 634 Persea
503 587 608 647 regem
629 588 697 632 cum
719 572 898 634 Alexandro
914 574 977 633 lilio
992 573 1103 633 Albam
1117 573 1141 631 iu

168 659 338 720 custodiam
351 658 492 725 duceret;
515 657 651 726 comites,
668 657 837 731 pecuniam,
853 665 1021 732 argentum,
1036 657 1142 716 instru-

166 750 300 803 mentum
323 741 406 817 quod
427 739 563 800 haberet.
584 739 694 818 Bithys
714 740 797 814 regis
811 739 961 801 Thracum
981 741 1064 800 filius
1081 756 1142 799 cum

168 825 329 887 obsidibus
357 824 386 883 in
412 823 584 883 custodiam
610 823 773 883 Carseolos
799 832 847 884 est
868 824 993 884 missus.
1028 831 1142 884 ceteros

167 909 322 984 captivoS,
345 906 442 980 quiin
457 906 610 981 triumpho
625 906 707 966 ducti
723 915 824 981 erant,
839 908 871 966 in
886 922 1043 967 carcerem
1059 906 1142 966 condi

166 993 289 1067 placuit.
311 1005 428 1066 paucos
445 998 516 1065 post
531 990 596 1050 dies
613 1006 705 1065 quarn
716 990 794 1050 haec
804 999 881 1061 acta,
897 991 989 1065 legati
1001 990 1041 1049 ab
1054 990 1143 1067 Cotye

166 1090 238 1149 rege
252 1074 402 1134 Thracum
417 1081 573 1147 venerunt,
594 1074 756 1149 pecuniam
771 1074 811 1132 ad
825 1075 1038 1133 redimendum
1055 1072 1141 1133 lilium

166 1159 306 1234 aliosque
322 1158 447 1218 obsides
465 1164 675 1232 apportantes.
698 1159 743 1217 eis
758 1159 787 1216 in
803 1164 941 1218 senatum
958 1157 1142 1228 introductis,

167 1250 197 1302 et
210 1243 242 1302 id
257 1243 358 1317 ipsum
374 1241 542 1315 argumenti
559 1240 829 1316 praetendentibus
845 1241 992 1313 orationi,
1018 1256 1082 1300 non
1094 1255 1143 1300 sua

166 1326 322 1386 voluntate
338 1325 434 1400 Cotyn
451 1324 531 1385 bello
547 1325 664 1384 iuvisse
678 1324 807 1397 Persea,
830 1324 915 1400 quod
930 1325 1060 1384 obsides
1076 1325 1143 1383 dara

167 1415 293 1467 coactus
309 1414 407 1481 esset,
424 1409 659 1483 orantibusque,
675 1415 708 1468 ut
722 1424 778 1468 eos
793 1407 907 1483 pretio,
929 1415 1076 1485 quantum
1091 1408 1141 1482 ipsi

167 1492 345 1550 statuissent
359 1498 478 1566 patres,
499 1493 606 1551 redimi
629 1498 818 1567 paterentur,
838 1507 1027 1567 responsum
1041 1507 1081 1552 ex
1096 1508 1141 1550 au*

166 1574 303 1633 ctoritate
319 1581 445 1634 senatus
465 1583 514 1635 est
533 1577 682 1650 populum
698 1577 867 1636 Romanum
883 1575 1062 1636 meminisse
1076 1575 1142 1634 ami-

166 1655 263 1729 citiae,
287 1673 367 1732 quae
383 1674 451 1717 curn
468 1659 564 1736 Cotye
579 1658 809 1734 maioribusque
824 1660 891 1720 eius
906 1667 936 1720 et
950 1665 1042 1733 gente
1056 1658 1142 1718 Thra·

167 1754 234 1798 cum
251 1741 369 1801 luisset.
390 1741 517 1802 obsides
534 1745 621 1802 datos
635 1743 757 1816 crimen,
772 1759 834 1802 non
847 1742 981 1802 criminis
994 1741 1141 1801 defensio-

153 1838 331 1898 ·nenresse,
348 1841 416 1885 curn
430 1825 580 1886 Thracum
591 1827 672 1900 genti
685 1841 724 1884 ne
736 1826 857 1901 quietus
871 1826 995 1901 quidem
1006 1824 1140 1896 Perseus,

166 1907 277 1966 nedum
292 1907 372 1967 bello
385 1909 523 1970 Romano
540 1916 708 1984 occupatus
725 1908 875 1969 timendus
891 1911 991 1968 luerit.
1014 1916 1141 1968 cetemm

166 1988 223 2048 etsi
245 1991 340 2067 Cotys
366 1990 470 2054 Persei
497 1993 624 2067 gratiam
651 1993 850 2068 praetulisset
869 1991 1020 2052 amicitiae
1041 1991 1141 2067 populi

165 2071 309 2143 Romani,
325 2072 423 2146 magis
439 2076 512 2149 qnid
528 2092 563 2136 se
579 2076 702 2150 dignum
719 2084 817 2150 esset,
840 2093 931 2153 quam
951 2077 1027 2150 quid
1042 2075 1142 2135 merito

166 2153 231 2211 eius
253 2155 319 2212 lieri
340 2165 465 2229 posset,
486 2160 728 2231 aestimaturum,
750 2160 844 2220 lilium
869 2168 962 2235 atque
978 2160 1103 2228 obsides
1117 2158 1141 2218 ei

164 2236 373 2295 remissurum.
395 2237 546 2299 beneficia
560 2243 692 2318 gratuita
707 2259 778 2304 esse
794 2244 901 2318 populi
916 2243 1063 2305 Romani:
1077 2258 1140 2318 pre

165 2317 238 2375 tium
253 2333 358 2378 eorum
375 2321 464 2380 malle
478 2323 653 2399 relinquere
664 2327 694 2384 in
707 2327 920 2402 accipientium
932 2327 1043 2387 animis
1057 2342 1140 2401 quam

164 2415 315 2494 praesens
327 2403 460 2476 exigere.
476 2408 567 2480 legati
578 2415 640 2468 tres
653 2411 807 2482 nominati,
821 2413 854 2470 Τ.
868 2411 1028 2485 Quinctius
1039 2409 1139 2470 Flami-

164 2498 255 2544 mnus
272 2484 303 2548 C.
318 2485 451 2548 Licinius
466 2490 566 2550 Nerva
578 2491 618 2550 Μ.
635 2492 779 2554 Caninius
793 2495 931 2566 Rebilus,
952 2495 1005 2571 qui
1022 2493 1139 2555 obsides

163 2565 193 2623 in
218 2568 376 2628 Thraciam
400 2572 596 2646 reducerent3
628 2583 658 2636 et
679 2576 848 2638 Thracibus
874 2595 1004 2638 munera
1026 2579 1093 2638 data
1112 2577 1137 2634 in

165 2649 303 2725 singulos
324 2653 428 2714 binum
448 2657 560 2716 milium
582 2657 673 2719 aeris.
693 2659 803 2738 Bithys
820 2678 888 2722 curn
906 2663 1017 2723 ceteris
1034 2661 1137 2722 obsidi-

164 2731 223 2792 bus
238 2750 257 2793 a
272 2734 425 2800 Carseolis
440 2741 607 2802 accersitus
623 2744 660 2802 ad
678 2751 794 2817 patrem
811 2761 880 2806 cunr
895 2744 1005 2820 legatis
1021 2746 1135 2805 missus.

164 2830 260 2875 naves
274 2820 377 2892 regiae
393 2831 500 2897 captae
515 2825 553 2883 de
563 2824 795 2901 Macedonibus,
811 2829 983 2890 invisitatae
999 2837 1069 2889 ante
1083 2843 1134 2886 ma-

163 2899 336 2973 gnitudinis
352 2905 381 2963 in
398 2921 506 2982 campo
521 2908 629 2970 Martio
645 2911 816 2972 subductae
830 2918 912 2974 sunt.

247 2981 348 3043 XLlll.
360 2989 512 3051 Haerente
524 2992 624 3053 adhuc
637 3010 696 3053 non
709 2995 738 3053 in
752 2996 861 3056 animis
874 2997 970 3057 modo
982 2997 1040 3056 sed
1049 3007 1133 3071 paene

162 3060 192 3157 it}
216 3065 312 3160 oculis
333 3075 479 3134 memoria
499 3074 690 3137 Macedonici
705 3075 860 3153 triumphi,
881 3080 915 3140 L.
931 3081 1060 3139 Anicius
1076 3075 1133 3151 Qui·

162 3148 308 3244 riualibus
329 3154 525 3230 triumphavit
545 3159 584 3217 de
606 3176 678 3234 rege
701 3161 809 3222 Gentio
825 3163 1012 3240 lllyriisque.
1036 3159 1133 3222 similia

163 3242 264 3316 omma
292 3238 390 3310 magis
414 3240 482 3299 visa
502 3241 676 3303 hominibus
698 3255 790 3320 quam
819 3247 921 3320 pariat
956 3245 1056 3306 minor
1074 3244 1132 3318 ipse
1182 3237 1183 3242 ’

163 3322 342 3406 imperator,
356 3328 387 3378 et
401 3323 557 3384 nobilitate
572 3327 699 3387 Anicius
716 3345 785 3387 cum
799 3329 947 3404 Aemilio,
964 3337 995 3390 et
1010 3331 1074 3390 iure
1087 3329 1130 3386 im·

162 3405 237 3460 pem
253 3407 376 3467 praetor
392 3419 459 3462 cum
477 3409 604 3465 consule
621 3412 764 3484 collatus;
796 3428 856 3471 non
875 3413 1003 3472 Gentius
1018 3413 1131 3472 Perseo.
