2364 3862
210 252 424 318 omonimo
447 256 530 318 cnr.
545 265 645 322 naa
668 265 752 328 nc.
767 263 829 331 m]
938 243 999 322 rr'o

14 469 15 474 ,
51 423 175 474 armatura
187 408 254 482 plus
269 414 412 482 possent,
434 424 642 470 conversuros
655 411 762 470 aciem.
786 411 890 471 Lvlll.
914 423 997 487 post-

51 509 122 568 quarn
140 491 284 566 inceptum
303 507 365 551 non
387 492 588 565 succedebat,
610 503 711 555 eastra
733 493 862 569 propius
877 495 997 556 hostem

48 572 123 634 novit
131 589 189 648 rex,
203 582 233 634 et
245 592 265 635 a
280 575 416 650 quinque
429 575 551 638 milibus
562 593 713 652 passuum
724 579 908 638 communiit
924 577 997 640 inde

14 687 16 694 ,
49 673 100 718 nee
115 657 204 733 prima
221 659 254 718 in
274 658 383 720 eodem
404 675 467 735 quo
489 659 609 722 solebat
629 661 697 723 loco
719 663 856 737 peditum
870 662 936 723 acie
952 664 996 722 in-

14 783 15 788 .
50 747 138 802 sauma
148 742 310 816 equitatum
325 757 446 804 omnem
466 745 627 818 levemque
641 753 824 806 arnratttram
838 747 879 806 ud
894 755 994 808 castra

14 831 15 838 ’
51 823 153 886 hosium
167 826 255 887 ducit
277 828 366 887 visus
379 833 410 887 et
422 827 572 901 plurimus
587 836 618 889 et
641 829 769 904 propior
789 830 880 891 solito
893 828 995 905 pulvis

49 909 247 982 trepidationem
267 911 299 970 in
316 910 423 971 castris
438 911 584 970 Romanis
600 911 681 973 lecit.
703 919 733 973 et
748 914 845 989 primo
859 915 913 974 vix
928 930 992 975 cre-

49 991 118 1052 ditum
130 994 274 1054 nuntianti
288 1001 345 1068 est,
362 995 434 1069 quia
448 993 604 1069 prioribus
618 996 771 1058 continuis
786 998 894 1058 dicbus
907 1015 994 1058 ntun-

14 1113 15 1116 =
48 1092 115 1150 quam
130 1085 197 1137 ante
219 1078 327 1139 horam
349 1085 487 1154 quartam
507 1077 605 1139 hostis
620 1089 818 1155 apparuerat,
840 1089 901 1142 tum
917 1083 993 1142 solis

47 1165 108 1220 onus
127 1171 194 1222 erat.
223 1163 337 1223 demde
357 1169 391 1222 ul
411 1163 543 1237 plurium
563 1164 696 1224 clamore
711 1171 741 1223 et
756 1181 849 1224 cursu
864 1181 882 1223 a
897 1165 993 1240 portis

45 1243 162 1304 dubitatio
180 1255 324 1321 exempta
344 1253 404 1319 est,
425 1246 571 1307 marullus
591 1247 700 1321 ingens
715 1248 861 1308 oboritur.
881 1247 994 1308 tribuni

46 1329 224 1404 praefectique
245 1338 275 1391 et
297 1329 491 1391 centuriones
513 1329 542 1389 in
558 1331 759 1405 praetorium,
779 1332 867 1391 miles
882 1331 922 1392 ad
936 1348 994 1392 sua

20 1411 147 1487 quisque
171 1413 303 1474 tentoria
329 1412 480 1474 disomrit
507 1411 607 1474 minus
630 1414 812 1490 quingentos
839 1430 994 1490 passusa

43 1495 102 1554 vallo
114 1495 296 1558 instruxerat
305 1497 437 1558 Perseus
453 1513 529 1558 suos
543 1499 624 1558 circa
639 1501 785 1560 tumulum
802 1515 893 1575 quern
905 1499 992 1560 calli-

43 1575 119 1640 oimm
131 1589 249 1642 vocant.
274 1583 363 1642 laevo
376 1597 473 1642 cornu
485 1580 579 1658 Cotys
592 1599 650 1642 rex
661 1591 803 1658 praeerat
814 1599 883 1645 cum
896 1585 992 1645 omni-

43 1661 84 1722 bus
100 1679 168 1725 suae
189 1665 472 1740 gentisaequitum
492 1666 616 1727 ordines
637 1668 714 1727 levis
735 1675 888 1735 armatura
902 1666 992 1728 inter-

42 1747 120 1819 posita
141 1750 356 1826 distinguebat.
388 1748 419 1809 in
446 1750 555 1810 dextro
580 1766 675 1810 cornu
696 1751 884 1810 Macedones
907 1761 993 1810 erant

41 1829 142 1904 equites,
157 1833 321 1896 intermixti
335 1834 441 1894 turmis
457 1849 564 1894 eorum
575 1833 753 1894 Cretenses:
776 1833 847 1893 huic
862 1840 988 1893 armatu·

40 1928 77 1972 rae
91 1914 187 1977 llidon
206 1920 403 1990 Beroeaeus,
424 1917 580 1992 equitibus
602 1924 632 1977 et
654 1933 791 1977 summae
815 1917 908 1991 partis
926 1917 992 1976 eius

39 1995 106 2059 lieno
123 2001 343 2078 Antigonensis
364 2009 514 2076 praeerat
542 1999 673 2076 proximi
689 2002 833 2060 cornibus
849 1999 992 2060 constite-

41 2089 87 2142 rant
97 2085 164 2158 regii
179 2086 313 2162 equites,
327 2091 357 2144 et
370 2083 496 2145 mixtum
511 2101 619 2161 genus,
636 2085 755 2145 deleme
771 2085 902 2160 plurium
917 2099 991 2159 gen-

40 2163 91 2225 tlnm
111 2170 236 2230 auxilia=
271 2167 427 2230 Patrocles
458 2168 679 2244 Antigonensis
711 2168 761 2229 hio
786 2175 817 2229 et
838 2166 991 2230 Paeoniae

39 2250 183 2318 praelectus
205 2252 304 2314 Didas
328 2259 415 2312 erant
435 2253 614 2328 praepositi
644 2253 765 2313 medius
788 2251 922 2314 omnium
936 2267 992 2312 rex

40 2339 97 2407 erat,
115 2335 193 2396 cirea
215 2353 288 2397 eum
301 2352 409 2412 agema
424 2337 508 2412 quod
523 2345 649 2408 vocant,
669 2353 840 2412 sacraeque
856 2337 992 2421 equitum

38 2415 92 2476 alae.
109 2428 175 2481 ante
193 2437 233 2482 se
256 2423 360 2482 statuit
378 2421 547 2480 funditores
562 2421 823 2496 iaculatoreaque=
846 2419 992 2494 quadrin·
1103 2421 1106 2426 '

37 2507 167 2570 anunm
201 2521 314 2566 manus
342 2512 472 2580 utraque
500 2519 659 2565 numerum
687 2505 846 2580 explebat:
886 2504 991 2561 Ionem

35 2579 317 2650 lbcssalonieensem
338 2597 369 2649 et
387 2585 421 2625 **
436 2587 675 2663 Neoptolemum
701 2587 740 2646 iis
758 2583 916 2662 praefecit
945 2584 1005 2677 sic·

36 2667 92 2740 regii
109 2672 316 2735 constiterant
345 2671 453 2734 consul
475 2672 555 2732 intra
574 2672 688 2732 vallum
708 2669 843 2745 pediturn
864 2665 931 2728 acie
945 2666 992 2726 in-

36 2755 125 2815 sancta
138 2765 168 2818 et
186 2757 259 2832 ipse
280 2757 446 2833 equitatum
461 2770 581 2817 omnent
596 2771 665 2815 cnm
679 2753 738 2815 levi
754 2758 905 2814 armatura
919 2750 992 2812 emi-

37 2832 70 2891 sit.
89 2855 137 2912 pro
153 2842 236 2902 vallo
252 2839 392 2902 instructi
406 2848 485 2901 sunt.
508 2841 617 2900 dextm
634 2855 730 2900 cornu
745 2837 943 2913 praepositus
959 2835 992 2898 c.

14 2931 16 3012 q
35 2912 142 2983 Licinius
165 2925 298 2987 Crassus
319 2922 456 2985 consulis
472 2926 579 2996 irater,
602 2940 672 2984 cunr
688 2923 770 2982 omni
784 2921 889 2983 italico
906 2921 992 2999 equi·

37 3005 93 3077 talu,
106 3007 458 3080 ventibus-intermixtis,
487 3007 610 3077 sinistro
625 3007 666 3066 lt.
681 3007 823 3066 Valerius
839 3006 993 3066 Laevinus

14 3089 16 3174 ᾗ
36 3087 165 3152 sociorum
186 3109 227 3154 ex
243 3093 368 3154 Graecis
389 3092 512 3168 populis
527 3092 646 3166 equites
661 3091 794 3151 habebat
807 3097 838 3150 et
852 3091 992 3152 eiusdem

35 3173 111 3238 genis
125 3177 226 3236 levem
241 3185 430 3238 armatmam.
449 3175 580 3236 mediam
594 3183 696 3236 autem
712 3175 808 3235 aciem
822 3190 891 3236 curn
908 3175 991 3234 dele-

14 3251 76 3322 lctis
88 3259 237 3332 equitibus
259 3259 510 3328 extraordinariis
532 3260 654 3320 tenebat
668 3258 702 3333 Q.
716 3259 846 3320 Mucium.
870 3255 992 3317 ducenti

14 3339 16 3394 ζ
35 3337 131 3410 equites
152 3344 230 3404 Galli
250 3354 321 3406 ante
341 3346 430 3418 signa
451 3345 559 3404 horum
580 3343 734 3415 instructi,
761 3351 791 3402 et
811 3342 849 3400 de
870 3338 990 3399 auxiliis

14 3415 16 3458 ³
35 3413 155 3487 lunonis
170 3424 341 3508 curiorum
356 3427 455 3503 gentis
470 3428 607 3488 trecenti.
622 3424 762 3486 Thessali
776 3419 990 3498 quadringenti

14 3531 15 3586 j
35 3507 131 3578 llutes
151 3528 248 3588 parvo
268 3513 427 3574 intervallo
450 3527 545 3585 super
564 3513 684 3570 laevum
701 3523 796 3646 colr2n21
810 3504 910 3562 locati.
931 3502 991 3560 Eu-

14 3705 16 3770 l
