2328 3870
145 201 206 265 tic
310 199 424 260 LIBER
437 199 525 259 XLII.
548 198 630 258 cAP.
644 205 689 260 32.
701 205 744 260 33.
767 204 804 271 [a.
815 201 850 256 U.
862 219 886 254 c.
897 202 958 268 581]

59 377 61 382 ·
144 355 296 416 sacrificia
308 353 431 428 babere,
449 368 528 430 quae
542 353 670 415 absente
683 368 719 412 se
729 359 813 412 recte
824 350 891 412 lieri
902 367 962 411 non
973 359 1106 427 possenta
1160 353 1162 398 t

145 455 223 514 quae
248 454 309 498 non
330 436 429 512 magis
450 437 578 498 consule
600 451 689 511 quam
717 441 860 510 praetore
885 434 1010 496 absente
1032 441 1106 495 recta
1160 421 1162 446 ¹

142 521 212 584 fierl
225 526 362 596 possent.
385 520 413 580 si
427 527 554 579 senatus
569 535 630 580 non
646 517 721 594 quid
737 519 827 579 vellet
840 519 871 579 iu
887 519 1045 580 consulatu
1056 533 1103 592 po·

91 663 95 668 .
141 608 200 666 tius
224 619 316 679 quam
337 603 411 678 quid
425 602 457 662 in
472 609 615 678 praetura
628 601 774 663 iuraverit
786 602 818 659 P.
833 601 966 662 Licinius
983 601 1103 661 animal·

141 688 320 749 vertendum
342 702 414 746 esse
434 691 573 758 censeat,
604 701 640 746 se
660 693 761 746 lamen
783 685 916 746 futurum
933 685 967 745 iu
991 691 1106 745 senatus

141 777 303 847 potestate.
325 770 456 830 consulu·
469 775 581 844 patres,
597 767 647 830 cui
657 771 849 830 consulatum
861 771 995 845 populus
1005 769 1102 829 Roma-

141 872 200 916 nus
215 870 276 914 nou
290 860 443 926 negasset,
458 851 497 912 ab
509 867 545 912 se
556 851 746 928 provinciam
757 852 862 927 negari
874 853 1039 928 superbum
1048 851 1105 924 rati,

141 937 242 998 sortiri
254 937 398 996 consules
410 936 574 998 iusserunt.
588 935 620 994 P.
631 934 748 996 Licinio
759 934 949 1009 Macedonia,
967 935 998 994 C.
1010 935 1106 994 Cassio

139 1020 225 1081 ltalia
245 1019 377 1080 obvenit
399 1018 537 1094 legiones
557 1019 629 1079 inde
650 1017 749 1080 sortiti
763 1024 850 1080 sunt:
873 1020 972 1094 prima
986 1027 1016 1080 et
1029 1016 1106 1078 tertia

140 1104 170 1164 in
181 1103 393 1164 Macedoniam
408 1104 616 1176 traicerentur,
632 1102 768 1162 secunda
781 1108 811 1162 et
826 1109 934 1177 quartu
944 1100 1020 1162 utin
1031 1101 1106 1160 Italia

140 1195 341 1248 remanerent.

1161 689 1162 720 t

1160 723 1162 784 l

224 1270 360 1330 Dilectus
381 1277 444 1332 tum
458 1271 603 1331 eonsules
617 1270 711 1329 multo
726 1268 918 1330 intentiorem
934 1285 1027 1343 quam
1041 1266 1107 1326 alias
1160 1320 1161 1323 ,

141 1369 244 1414 euram
259 1352 421 1414 habebant.
443 1353 577 1414 Licinius
598 1359 719 1412 veteres
735 1367 861 1428 quoque
875 1351 1030 1412 scribebat
1042 1349 1103 1408 mili·

139 1444 185 1497 tes
213 1436 486 1511 centurionesque;
519 1435 653 1496 etmulti
673 1436 829 1496 voluntate
849 1434 975 1495 nomina
996 1433 1106 1504 dabant,
1130 1445 1132 1454 ’

141 1519 213 1593 quia
238 1518 409 1593 locupletes
434 1519 579 1578 videbant
604 1518 656 1592 qui
681 1518 784 1593 priore
808 1518 1012 1578 Macedonico
1035 1515 1103 1574 belo

140 1608 191 1660 aut
205 1601 356 1661 adversus
371 1600 554 1661 Antiochum
569 1600 600 1660 in
612 1599 690 1660 Asia
709 1599 863 1676 stipendia
878 1600 1024 1660 fecerant.
1047 1613 1107 1658 cum

139 1681 251 1744 tribuni
267 1683 392 1744 militurn
408 1685 612 1758 centuriones,
628 1692 658 1744 et
675 1685 802 1757 primurn
815 1698 971 1758 quemque
983 1681 1105 1744 citarent.

137 1775 200 1828 tres
221 1772 252 1826 et
272 1766 377 1842 viginti
400 1765 611 1841 centuriones,
639 1767 691 1843 qui
714 1768 829 1841 primos
851 1766 932 1842 pilos
956 1767 1103 1836 duxerant,

139 1849 220 1911 citati
245 1851 382 1911 tribunos
405 1851 504 1926 plebis
526 1852 726 1926 appellarunt.
760 1851 820 1910 duo
841 1865 881 1909 ex
904 1849 1049 1924 collegio,
1070 1846 1106 1906 M.

136 1933 262 1994 Fulvius
281 1932 417 1995 Nobilior
437 1940 468 1994 et
486 1935 526 1993 Μ.
548 1933 691 1994 Claudius
709 1933 887 2006 MarcelluS,
910 1934 951 1992 ad
973 1933 1105 1992 consules

138 2016 317 2078 reiciebant=
346 2033 452 2078 eorum
474 2017 679 2092 cognitionem
700 2032 771 2077 esse
792 2016 920 2090 debere,
943 2016 1054 2091 quibus
1068 2013 1104 2072 di·

137 2100 234 2159 lectus
258 2099 431 2178 quibusque
452 2100 564 2160 bellum
585 2099 760 2159 mandatum
774 2106 873 2161 esset:
896 2099 991 2159 ceteri
1013 2097 1102 2172 cogni·

136 2190 222 2241 turos
245 2195 295 2254 se,
320 2181 359 2239 de
381 2198 443 2256 quc
464 2182 608 2257 appellau’
623 2189 736 2255 essent,
758 2183 894 2256 aiebant,
920 2188 950 2241 et
964 2179 993 2242 si
1007 2179 1106 2241 iniuria

136 2264 239 2336 fieret,
265 2262 411 2323 auxilium
436 2263 554 2324 civibus
579 2267 705 2326 laturos.
748 2265 880 2326 XXXIII.
903 2265 943 2324 ad
966 2263 1106 2326 subsellia

135 2346 328 2406 tribunorum
341 2362 392 2406 res
407 2348 568 2421 agebatur:
593 2363 630 2409 eo
645 2348 685 2408 Μ.
697 2347 846 2424 Popillius
863 2347 1045 2424 consularis,
1060 2345 1105 2405 ad-

135 2435 279 2500 vocatus,
303 2429 498 2491 centuriones
526 2438 557 2491 et
577 2433 686 2492 consul
707 2439 864 2493 venerunt.
894 2433 1023 2492 consule
1043 2429 1108 2490 inde
1161 2463 1162 2474 ,

135 2511 311 2587 postulanti,
326 2514 404 2573 utin
420 2514 562 2574 contione
577 2530 674 2574 eures
686 2520 835 2590 ageretur,
851 2517 987 2591 populus
999 2515 1029 2574 in
1042 2529 1104 2573 cou-

135 2596 248 2656 tionem
270 2596 450 2657 advocatus.
480 2614 536 2672 pro
557 2598 786 2659 centurionibus
805 2597 846 2658 Μ.
870 2598 1035 2673 Popillius,
1061 2591 1106 2670 qui

135 2677 256 2740 biennio
272 2686 342 2740 ante
358 2683 465 2742 consul
480 2683 593 2755 lucrat,
614 2683 656 2741 ita
670 2681 764 2741 verba
784 2682 865 2742 lecit.
893 2681 1038 2741 militares
1058 2679 1106 2737 ho·
1160 2681 1162 2758 t

135 2763 232 2822 mines
254 2769 284 2823 et
304 2764 458 2839 stipendia
477 2766 557 2824 iusta
577 2772 607 2824 et
627 2780 758 2840 corpora
772 2772 803 2825 et
817 2772 915 2826 aetate
929 2771 959 2824 et
973 2760 1108 2824 adsiduis
1161 2759 1162 2808 ἲ

137 2843 294 2906 laboribus
310 2847 451 2906 conlecta
465 2845 594 2906 habere:
612 2847 685 2906 nihil
697 2863 842 2908 recusare
852 2855 963 2922 tamen,
979 2864 1042 2922 quo
1057 2844 1106 2904 mi·
1161 2867 1162 2916 1

136 2941 194 2986 nus
217 2942 343 3001 operam
362 2930 408 2988 rei
430 2928 571 3004 publicae
587 2930 667 2989 dent.
696 2931 727 2990 id
742 2939 857 2992 tanturn
873 2931 1047 3006 deprecari,
1072 2940 1109 2986 na
1161 2955 1162 2976 2

135 3009 295 3069 inferiores
308 3010 346 3070 iis
362 3013 497 3083 ordines,
513 3028 603 3086 quam
620 3030 698 3087 quos
714 3030 782 3074 cum
797 3014 978 3074 militassent
986 3009 1108 3072 habuis·
1161 3071 1162 3076 ,

135 3097 212 3166 sent,
234 3092 477 3158 attribuerentur.
503 3095 535 3154 P.
551 3095 684 3156 Licinius
707 3099 815 3158 consul
830 3104 955 3158 senatus
971 3095 1109 3157 consulta

133 3175 255 3236 recitari
268 3175 366 3250 iussit,
383 3175 511 3253 primum
527 3194 587 3254 quo
603 3179 715 3240 bellum
731 3187 856 3240 senatus
871 3179 985 3240 Perseo
1002 3177 1106 3239 iussis·

134 3265 191 3332 set,
207 3258 394 3337 deindeque
409 3268 528 3323 veteres
544 3265 737 3323 centuriones
753 3279 844 3338 quam
855 3264 1018 3338 plurimum
1029 3262 1068 3322 ad
1078 3257 1108 3317 id
1161 3325 1162 3328 Ἴ

133 3342 247 3403 bellum
268 3344 360 3405 scribi
381 3344 567 3420 censuisset,
589 3361 646 3406 nec
664 3345 730 3417 ulli,
754 3347 805 3420 qui
826 3362 888 3406 non
909 3347 1006 3406 maior
1020 3342 1106 3404 annis

136 3427 356 3502 quinquaginta
371 3435 462 3504 esset,
483 3429 673 3492 vacationem
687 3429 809 3490 militiae
821 3445 901 3490 esse.
925 3431 1110 3506 deprecatus
