2364 3862
226 185 461 247 ursmarum.
484 159 645 249 samar.
670 191 825 259 [acum]
958 184 1020 249 att

49 337 168 400 transitu
182 335 328 395 diliioilis.
357 351 426 394 nam
442 341 563 408 praeter
576 335 734 410 angustias
751 352 806 410 per
821 337 955 412 quinque
967 339 1020 397 mi-

47 423 89 492 lia,
105 436 165 494 qua
178 419 322 493 exiguum
336 419 470 478 iumento
486 425 597 480 onusto
612 419 667 478 iter
682 427 743 492 est,
765 436 859 494 rupes
870 422 1021 496 utrimque

46 507 82 565 ita
95 504 235 562 abscisae
251 509 332 576 sunt,
348 509 381 562 ut
395 501 512 577 despici
528 502 579 560 vix
594 501 660 562 sine
673 503 818 577 vertigine
834 505 965 577 quadam
981 506 1020 564 si-

48 589 99 648 raul
122 589 281 647 oculorum
304 586 456 659 animique
477 586 585 659 possit.
622 593 713 646 terret
733 592 763 645 et
777 587 896 647 sonitus
911 594 941 647 et
956 588 1020 648 alti-

49 671 109 730 tudo
125 687 181 746 per
200 669 332 728 mediam
348 670 455 728 vallem
476 668 598 729 liuentis
612 670 703 729 Penei
726 671 834 730 amnis.
870 670 918 729 hio
933 672 1020 731 loeus

49 763 98 814 lam
121 762 234 828 suapte
260 761 368 813 natura
389 753 518 814 infestus
545 769 602 828 per
623 760 766 828 quattuor
786 754 930 814 distantia
951 755 1020 815 looa

48 838 202 913 praesidiis
225 837 318 911 regiis
340 836 395 894 luit
416 836 566 896 insessus.
595 854 688 897 unum
709 839 738 896 in
760 838 859 913 primo
880 837 965 899 aditu
980 840 1020 898 ad

1 973 2 976 ,
46 922 177 981 Gonnum
200 925 280 993 erat,
306 921 431 979 alterum
454 918 609 998 Condylo,
632 922 758 981 castello
780 923 1017 996 inexpugnabili,

1 1002 2 1064 3
45 1006 154 1066 tertium
167 1004 252 1064 cirea
265 1003 471 1078 Lapathunta,
486 1019 576 1078 quem
589 1004 724 1064 Characa
738 1008 906 1081 appellant,
929 1023 1018 1081 quar-

1 1085 2 1156 i
45 1098 97 1150 tum
112 1089 182 1148 viae
198 1089 266 1162 ipsi,
283 1103 343 1161 qua
358 1094 388 1147 et
402 1087 502 1146 media
516 1089 772 1162 elangustissima
785 1088 871 1148 vallis
887 1097 942 1162 ast,
966 1089 1019 1148 im·

1 1159 2 1245 l
45 1173 186 1248 positum,
208 1187 300 1246 quam
321 1171 370 1229 vel
392 1170 497 1230 decem
513 1171 636 1232 armatis
651 1171 727 1231 tueri
742 1173 830 1231 terelle
845 1178 901 1231 est.
929 1173 1019 1232 inter·

44 1258 119 1317 cluso
146 1271 202 1330 per
218 1257 332 1329 Tempe
352 1254 440 1314 simul
461 1254 545 1314 aditu
566 1254 784 1314 commeatibus
805 1255 894 1314 simul
912 1255 1019 1328 reditu,

43 1340 95 1414 ipsi
105 1345 228 1399 montes
241 1354 297 1412 per
309 1354 389 1412 quos
401 1337 628 1399 descenderant
638 1337 796 1413 repetendi
809 1344 902 1399 erant.
926 1339 1018 1413 quod,

42 1431 70 1484 ut
83 1425 166 1484 lurto
181 1423 360 1494 fefellerant,
376 1421 416 1480 ita
428 1422 597 1497 propalam,
612 1423 784 1483 tenentibus
796 1422 957 1497 superiora
968 1437 1018 1482 ca-

43 1509 157 1566 omnina
171 1505 312 1565 hostibus
327 1522 388 1566 noa
402 1512 557 1581 poterant;
573 1513 603 1566 et
615 1513 741 1580 experta
752 1506 916 1568 difficultas
928 1522 1017 1581 spem

43 1607 157 1650 omnem
179 1587 347 1649 incidisset.
379 1598 540 1664 supererat
561 1589 632 1648 nihil
653 1591 735 1650 aliud
755 1589 784 1649 in
807 1596 918 1650 temere
936 1606 1018 1651 oom-

43 1674 131 1734 misso
149 1689 241 1748 quam
256 1673 286 1731 in
301 1673 511 1732 Macedoniam
527 1673 565 1731 ud
580 1675 667 1733 Dium
683 1689 739 1748 per
752 1673 870 1734 medios
886 1674 1019 1732 evadere

44 1758 159 1827 hostem
177 1756 277 1831 quod,
292 1756 351 1817 nisi
365 1756 407 1816 dii
421 1763 553 1816 mentem
568 1758 632 1830 regi
646 1756 848 1827 ademissent,
872 1763 902 1816 et
916 1754 1017 1830 ipsum

42 1841 166 1916 ingentis
183 1839 369 1900 difficultatis
385 1847 459 1898 erat.
498 1855 567 1898 nam
582 1856 650 1900 eum
666 1838 787 1916 Olympi
798 1837 919 1898 radices
934 1855 1018 1898 mon-

43 1925 76 1984 tis
94 1927 188 1999 paulo
209 1924 279 1998 plus
302 1939 392 1998 quam
410 1923 490 1982 mille
513 1939 660 1997 passuum
686 1923 725 1982 ad
745 1937 828 1981 mare
847 1921 1020 1996 relinquant

44 2008 178 2083 spatium,
197 2007 285 2067 ouius
307 2007 463 2066 dimidium
483 2007 543 2066 looi
558 2014 691 2081 oeoupat
712 2006 822 2067 ostium
843 2006 902 2064 late
923 2012 1018 2065 resta·

46 2107 137 2165 gnans
150 2090 289 2169 Baphyri
301 2090 407 2160 amnis
423 2097 540 2165 partem
554 2090 695 2164 planitiae
713 2096 765 2150 aut
779 2090 859 2150 lovis
875 2091 1020 2164 templum

44 2182 92 2236 aut
109 2175 260 2250 oppidum
282 2180 376 2247 tenet,
401 2174 551 2248 reliquum
572 2175 772 2249 perexiguum
794 2174 880 2233 lossa
898 2173 1019 2233 modica

44 2259 181 2334 valloque
197 2257 299 2318 claudi
315 2263 442 2333 poterat,
459 2264 488 2317 et
503 2273 648 2318 saxorum
663 2259 701 2317 ad
717 2274 839 2317 nannum
855 2257 1018 2319 silvestris-

45 2357 99 2416 que
118 2342 264 2402 materiae
285 2348 400 2402 tautum
421 2348 501 2414 erat,
523 2348 555 2401 ut
577 2342 624 2400 vel
638 2358 743 2402 murus
759 2341 838 2402 obiri
855 2346 1019 2414 turresque

44 2425 162 2486 excitari
174 2426 336 2501 potuerint.
366 2441 495 2500 quorum
512 2423 584 2484 nihil
599 2441 668 2485 oum
683 2425 872 2500 dispexisset
893 2430 1019 2483 caecata

45 2523 123 2569 mens
139 2509 241 2570 subito
257 2518 389 2582 terrore,
416 2508 538 2568 nudatis
554 2509 696 2569 omnibus
718 2507 880 2583 praesidiis
903 2508 1018 2581 patela-

44 2592 156 2668 otisque
171 2594 252 2653 bello
268 2593 307 2652 ad
322 2592 460 2670 Pydnam
474 2591 593 2665 refugit.

118 2677 184 2736 Vll.
209 2675 322 2738 Consul
340 2675 501 2750 plurimum
515 2683 545 2734 et
560 2673 705 2748 praesidii
717 2679 747 2731 et
764 2672 831 2747 spei
847 2687 975 2730 remens
988 2672 1017 2731 in

1 2798 2 2846 ι
46 2759 164 2820 stultitia
181 2767 212 2822 et
232 2760 361 2834 segnitia
378 2758 491 2829 hostis,
514 2758 644 2817 remisso
666 2756 770 2816 nuntio
786 2756 825 2814 ad
838 2754 891 2830 Sp.
907 2755 1018 2815 Luere-

1 2849 2 2912 ι
46 2842 111 2901 tium
124 2844 270 2918 Larisam,
285 2851 318 2904 ut
329 2843 455 2902 castella
468 2840 573 2901 relicta
589 2840 626 2900 ab
641 2840 731 2901 hoste
746 2839 828 2899 eirca
839 2839 951 2914 Tempe
967 2854 1018 2899 oo-

1 2915 2 2997 l
47 2934 171 3000 adparet,
186 2923 495 3002 praemissoPopillio
509 2925 547 2983 ad
560 2924 768 2998 explorandos
780 2923 925 2984 transitus
937 2923 1018 2983 oiroa

1 3001 2 3096 y
46 3008 140 3084 Dium,
165 3017 328 3085 postquam
349 3015 455 3084 patere
474 3007 575 3068 omnia
595 3006 625 3066 in
642 3021 747 3068 omnes
763 3015 866 3082 partes
882 3008 1018 3067 animad-

1 3099 2 3180 ι
47 3093 142 3168 vertit,
163 3093 308 3154 secundis
330 3091 439 3152 castris
460 3089 650 3166 pervenit-ad
666 3091 762 3166 Dium,
779 3091 944 3166 metarique
960 3090 1017 3150 sub

1 3186 2 3250 ζ
48 3171 111 3247 ipso
126 3179 246 3252 templo,
262 3192 301 3235 ne
317 3176 390 3251 quid
405 3191 494 3234 sacro
509 3175 538 3232 in
554 3174 623 3234 loeo
637 3175 811 3249 violaretur,
828 3175 925 3236 iussit.
948 3175 1017 3247 ipse

1 3297 2 3312 ι
48 3258 145 3318 urbem
158 3261 327 3334 ingressus,
343 3259 422 3318 siout
436 3273 497 3319 non
512 3273 660 3331 magnam,
677 3259 717 3318 ita
728 3265 904 3318 exornatam
922 3257 1017 3331 publi·

1 3333 2 3392 l
50 3339 90 3398 ais
109 3343 180 3404 loris
203 3350 233 3403 et
252 3342 442 3404 multitudine
464 3347 630 3402 statuarum
654 3342 860 3415 munitamque
885 3338 1016 3412 egregie,

1 3433 2 3468 ι
50 3423 96 3481 vix
115 3427 333 3487 satis'oredere
354 3427 385 3485 in
406 3423 497 3484 tantis
518 3423 609 3484 rebus
631 3425 697 3484 sine
718 3440 813 3484 eausa
827 3421 940 3482 relictis
956 3435 1017 3480 non
1075 3503 1078 3510 ¹

1 3553 2 3615 l

1 3616 2 3660 l

1 3663 2 3689 l

1 3711 2 3740 l

1 3803 3 3848 l
