2328 3870
192 176 305 240 LIBER
314 179 374 238 XL.
401 179 483 239 cAP.
496 187 540 244 47.
551 187 595 242 ts.
608 187 641 242 to
664 174 746 256 [mc.
758 188 821 256 170]
939 183 982 246 95

40 332 113 392 sisne
124 327 217 402 velint,
231 346 293 404 quo
308 329 438 392 certiora
452 331 492 389 ad
506 346 582 391 suos
596 331 738 405 reserant,
753 339 935 407 potestatem
945 352 982 397 se

42 416 72 476 eis
82 415 211 474 lootmum
224 427 306 475 esse.
333 413 516 488 tribunoque
530 413 655 476 militum
669 415 812 489 imperat,
834 424 868 478 ut
881 420 982 480 ornari

40 511 116 558 onnes
137 494 239 571 copias
262 496 398 572 pcditmn
421 496 620 572 equitumque
640 504 670 558 et
690 498 855 560 decurrere
880 501 983 564 iubeat

38 587 145 642 umus.
165 579 277 641 abhoc
292 581 469 655 spectaculo
480 581 571 656 legati
583 579 670 642 missi
681 582 894 645 deterruerunt
905 601 981 647 suos

37 662 165 724 masuilio
176 664 400 726 circumsessae
410 665 477 724 urbi
490 665 626 726 ferendo.
650 665 798 740 oppidani
810 682 880 728 cum
892 667 982 742 ignes

37 753 129 808 noceo
147 747 278 808 turribus
301 747 502 822 nequiquam,
532 748 616 824 quod
643 747 765 822 signum
785 759 981 824 convenerat,

37 830 211 904 sustulissent,
234 831 370 892 destituti
390 831 429 892 ab
452 831 545 892 unica
559 845 616 908 spe
630 833 735 892 uuxilii
749 833 778 892 in
795 832 983 897 deditionem

36 921 157 974 mnarum.
178 914 353 976 sestertium
367 922 475 990 quater
490 922 520 976 et
530 913 648 976 viciens
663 916 702 976 ab
716 916 754 978 iis
770 924 818 980 est
830 925 983 993 exactum,

37 996 201 1072 modiagium
220 993 404 1058 nobilissimi
418 997 553 1073 equites,
577 1014 634 1059 nec
650 999 791 1060 obsidum
807 1002 983 1062 nomine·-

36 1095 84 1139 nom
102 1079 222 1141 militare
241 1082 318 1142 iussi
340 1088 478 1156 sunt—,
500 1089 531 1143 et
551 1091 651 1144 tamen
672 1099 706 1142 re
726 1082 796 1158 ipsa
815 1090 850 1145 ut
870 1085 983 1160 pignus

36 1162 85 1222 idai
96 1171 198 1224 essent

93 1247 214 1308 XLvlll.
236 1248 314 1308 Inde
328 1249 388 1310 iam
405 1249 492 1310 duxit
506 1249 547 1309 ad
560 1241 657 1308 'Alcen
672 1247 794 1320 urbem,
816 1249 868 1310 ubi
882 1259 982 1312 castro

36 1329 217 1392 ultimorum
239 1340 342 1404 ment,
363 1331 511 1408 aquibus
531 1336 679 1392 venerant
692 1347 791 1407 nuper
805 1332 905 1408 legati.
927 1348 982 1394 eos

37 1427 84 1472 cun
96 1431 143 1488 per
152 1416 270 1491 aliquot
281 1415 358 1489 dies,
373 1422 556 1476 armaturam
567 1415 666 1474 levem
678 1413 867 1478 immittendo
879 1417 908 1478 in
922 1424 982 1478 sta·

36 1495 120 1572 tiones,
138 1500 319 1562 lacessisset
338 1500 443 1575 parvis
465 1495 606 1574 proeliis,
626 1498 657 1558 in
673 1499 740 1560 dies
754 1497 871 1563 maiora
883 1509 982 1562 certe-

38 1580 92 1640 uioa
113 1585 245 1659 screbat,
271 1588 305 1644 ut
325 1597 433 1644 omnes
454 1590 541 1644 extra
560 1583 746 1644 munitiones
766 1583 899 1644 eliceret
932 1581 984 1645 ubi

38 1665 95 1736 quod
107 1667 262 1740 petebatur
275 1667 372 1727 sensit
386 1667 537 1739 ellectum,
554 1665 736 1727 auxiliorum
751 1667 914 1741 praelectis
928 1666 982 1728 im-

37 1755 104 1822 perat,
115 1758 145 1810 ut
157 1758 314 1812 contracto
330 1751 502 1823 certamine,
520 1756 674 1823 umquam
689 1749 879 1810 multitudine
890 1765 983 1825 supe·

36 1839 153 1904 mentor,
173 1840 303 1911 repente
325 1831 419 1910 tergis
440 1835 519 1895 datis
540 1833 580 1891 od
602 1838 702 1892 castra
717 1831 816 1892 emrse
830 1833 982 1907 lugerent:

37 1911 84 1986 ipse
95 1915 162 1978 intro
175 1920 292 1979 vallum
307 1917 348 1976 ad
362 1933 469 1978 omnes
484 1925 590 1994 portas
605 1914 748 1976 instruxit
762 1915 880 1991 copias.
902 1915 983 1975 haud

38 1999 129 2060 uoltum
142 2003 289 2077 temporis
302 2002 490 2076 intercessit,
506 2016 575 2063 oum
591 2015 630 2060 ex
646 1999 817 2074 composito
831 1999 984 2075 refugien-

37 2078 87 2139 lm
99 2100 216 2146 suorum
230 2101 351 2160 agmen,
366 2091 439 2161 post
453 2084 551 2147 effuse
566 2091 732 2158 sequentes
748 2083 897 2144 barbaros
911 2098 983 2144 con-

39 2166 118 2236 spexit
146 2170 325 2231 instructam
350 2169 470 2230 adhoc
494 2170 595 2244 ipsum
620 2168 698 2230 intra
719 2168 830 2229 vallum
849 2167 984 2229 habebat

39 2246 115 2309 aciem
137 2253 239 2328 itaque
254 2258 369 2318 tontum
384 2259 529 2327 moratus,
543 2261 577 2314 ut
590 2267 666 2314 suos
680 2253 823 2328 relegero
837 2253 867 2312 in
883 2259 984 2312 costra

38 2325 106 2394 lisero
115 2334 234 2398 introitu
245 2337 368 2408 sineret,
381 2338 514 2397 clamore
525 2336 645 2397 sublato
658 2336 749 2396 simul
759 2335 901 2397 omnibus
912 2351 983 2410 por-

38 2408 164 2494 isempit.
196 2437 260 2481 non
281 2421 456 2482 sustinuere
475 2421 619 2496 impetum
637 2419 852 2495 necopinatum
866 2419 984 2479 hostes.

39 2497 73 2566 qu·
84 2501 116 2560 ed
129 2514 226 2566 castro
243 2504 453 2580 oppugnanda
467 2511 628 2578 venerant,
643 2519 682 2564 ne
696 2520 755 2563 sue
769 2501 893 2577 quidem
907 2499 984 2561 tueri

39 2587 181 2648 lotueruntr
209 2605 281 2648 nam
301 2589 455 2662 extemplo
475 2588 536 2648 lusi
559 2586 667 2661 rogati,
688 2601 761 2646 mox
779 2587 857 2644 intro
872 2584 985 2642 vallum

39 2674 153 2732 liventes
167 2671 329 2747 compulsi,
345 2678 502 2746 postremo
514 2675 666 2730 exuuntur
678 2668 797 2728 castris.
820 2681 858 2726 eo
869 2667 919 2726 die
929 2680 984 2724 no-

39 2753 168 2815 venolio
181 2755 315 2816 hostium
330 2769 438 2824 ceesa;
461 2753 541 2830 capti
556 2753 617 2812 vivi
631 2751 757 2814 trecenti
771 2747 891 2826 viginti,
914 2749 985 2825 equi

41 2838 128 2894 lentum
141 2838 311 2913 duodecim,
331 2839 419 2914 signa
433 2838 571 2899 militaria
584 2835 707 2912 triginta
721 2842 849 2912 septem.
878 2834 917 2895 de
931 2849 983 2894 ex·

42 2912 109 2978 snio
119 2920 251 2983 Romano
267 2929 387 2983 centurn
403 2939 514 2983 novem
528 2920 712 2982 ceciderunt.

97 3000 186 3064 xliii.
207 3007 258 3067 Ab
278 3005 338 3068 hoc
358 3007 477 3080 proelio
499 3005 656 3066 Gracchus
677 3005 764 3064 duxit
784 3004 824 3064 ad
844 3004 984 3079 depopu-

42 3071 132 3146 locun
143 3088 328 3152 celtiberiam
342 3088 490 3164 legiones.
512 3096 545 3148 et
559 3103 628 3148 curn
644 3089 737 3148 terret
748 3087 862 3163 passim
876 3093 984 3148 conoe

44 3164 107 3251 illle
119 3165 223 3249 igeret,
246 3173 416 3249 populique
429 3174 480 3232 alii
493 3173 649 3235 voluntate
664 3171 713 3231 alii
726 3180 808 3234 metu
818 3172 921 3245 iugum
934 3185 984 3229 oc-

43 3253 152 3327 citerent
167 3263 285 3318 centum
300 3259 357 3320 tria
372 3256 487 3332 oppida
500 3256 579 3317 intra
593 3269 713 3330 paucos
728 3253 840 3315 diesin
855 3251 970 3313 deditio

45 3337 90 3388 llll
106 3339 227 3415 accepit,
248 3341 365 3416 praeda
386 3340 500 3414 potitus
520 3339 634 3414 ingenti
654 3345 712 3399 est
744 3338 893 3399 convertit
912 3333 984 3392 inde

45 3419 122 3480 alineo
133 3429 222 3499 retro,
240 3426 323 3484 unde
339 3429 478 3496 venerat,
500 3424 539 3482 ad
553 3424 666 3491 Alcen,
689 3426 781 3496 atque
795 3435 861 3480 eam
876 3415 983 3476 urbem
