2328 3870
189 236 621 304 LIBPlthll.cAP.1o.1t.
644 246 723 313 [ac.
737 247 799 314 rra]
918 241 980 307 lle

94 387 166 448 xvi.
184 388 330 448 Latrones
346 402 415 448 cum
430 386 516 448 brevi
531 387 690 449 circumitu
704 389 854 449 maceriae
869 390 975 452 decur-

26 487 81 530 rere
93 472 128 531 ad
140 471 360 532 conficiendum
378 471 517 532 saucium
533 479 678 548 possent,
697 474 782 532 velut
796 475 930 548 perlecta
944 492 980 537 re

28 553 152 630 iringum
165 555 291 614 Parnasi
304 555 484 630 refugerunt
497 571 535 616 eo
551 571 651 628 cursu,
673 561 715 631 ut,
737 571 806 616 cum
820 573 900 617 unus
916 574 977 619 non

29 637 96 698 lacile
113 637 269 713 sequendo
294 653 350 714 per
370 637 452 698 invia
471 646 565 714 atque
580 641 676 700 ardua
691 646 862 700 moraretur
875 641 978 717 lugam
1016 697 1020 702 .

27 736 123 796 eorum,
143 737 181 781 uc
203 737 241 781 ex
257 737 441 797 comprenso
457 721 601 783 iudicium
617 728 788 796 emanaret,
811 723 978 786 occiderint

30 804 150 865 comitem.
171 804 211 864 ad
233 820 349 881 corpus
368 806 451 881 regis
471 806 570 881 primo
592 807 680 867 amici
701 806 814 867 deinde
829 807 978 868 satellites

27 903 54 948 ac
64 887 133 948 servi
149 895 384 961 concurrerunt,
406 890 547 950 tollentes
563 891 697 966 sopitum
711 892 837 952 vulnere
851 907 889 951 ac
903 891 975 951 nihil

27 971 184 1031 sentientem.
206 972 313 1032 vivere
333 979 433 1032 tamen
453 988 493 1033 ex
515 974 617 1033 calore
632 981 663 1034 et
676 974 787 1049 spiritu
800 983 977 1036 remanente

26 1053 232 1129 inpraecordiis
247 1062 426 1116 senserunt:
439 1057 589 1119 victurum
604 1058 716 1132 exigua
730 1072 768 1117 ac
781 1073 880 1133 prope
893 1059 979 1119 nulla

26 1153 80 1212 spes
97 1146 164 1199 erat.
192 1139 317 1214 quidam
339 1155 377 1198 ex
399 1140 580 1201 satellitibus
599 1141 697 1202 secuti
717 1142 867 1201 latronum
881 1140 975 1201 vesti-

24 1221 67 1294 gia,
79 1237 138 1281 curn
149 1239 250 1298 usque
266 1224 305 1282 ad
318 1223 420 1298 iugum
436 1223 561 1284 Parnasi
575 1224 762 1299 nequiquam
777 1223 891 1300 fatigati
906 1239 975 1298 per·

11 1305 162 1380 uenissent,
176 1322 211 1366 re
226 1307 339 1367 inlecta
354 1307 518 1367 redierunt.
542 1307 683 1382 adgressi
699 1307 816 1366 lacinus
831 1305 975 1367 Macedo·

24 1402 63 1447 nes
79 1395 108 1449 ut
124 1389 297 1451 inconsulte
316 1390 357 1450 ita
378 1392 540 1464 audacter,
562 1397 704 1466 coeptum
720 1405 776 1451 nec
791 1392 930 1451 consulte
945 1396 975 1452 ct

24 1469 101 1533 timide
109 1473 305 1549 reliquerunt.
317 1480 489 1549 compotem
501 1473 561 1534 iam
572 1475 620 1535 sui
632 1489 735 1549 regem
747 1474 835 1534 amici
847 1481 974 1550 postero

25 1553 59 1612 die
73 1555 202 1616 delerant
218 1557 258 1616 ad
272 1569 397 1627 ravenn
420 1558 492 1617 inde
507 1556 691 1632 Corinthum,
704 1557 744 1617 ab
759 1558 902 1619 Corintho
918 1573 976 1632 per

3 1699 4 1706 χ
24 1634 103 1698 latini
112 1639 213 1715 iugum
227 1640 357 1711 navibus
368 1641 515 1702 traductis
523 1642 671 1717 Aeginam
683 1641 831 1702 traiciunt.
844 1640 975 1702 ibiadeo

3 1729 5 1786 ᾗ
25 1728 115 1782 secreta
127 1725 191 1786 eius
205 1724 323 1784 curatio
339 1725 404 1798 luit,
426 1724 652 1785 admittentibus
666 1724 826 1799 neminem,
838 1731 880 1785 .ut
894 1726 973 1783 lama

3 1813 143 1886 ,nanuum
167 1809 198 1868 in
221 1807 328 1867 Asiam
355 1809 512 1883 perferret.
547 1810 668 1868 Attalus
696 1822 821 1883 quoque
843 1807 973 1866 celerius

3 1889 91 1960 {quam
109 1891 231 1966 dignum
252 1891 418 1952 concordia
439 1893 570 1952 fraterna
593 1896 659 1952 erat
680 1889 823 1950 credidit=
851 1905 920 1949 nam
942 1895 972 1948 et

4 1983 73 2030 tum
88 1991 178 2036 uxore
200 1974 304 2036 fratris
325 1982 355 2035 et
374 1976 530 2050 praelecto
552 1975 616 2035 arci
635 1982 789 2049 tamquam
812 1973 871 2032 iam
891 1972 973 2032 haud

4 2027 7 2140 ξ
24 2053 108 2118 dubius
120 2059 206 2134 regni
222 2059 314 2118 heres
329 2066 378 2118 cst
390 2061 521 2120 locutus.
544 2075 623 2134 quae
638 2063 746 2133 postea
761 2074 822 2118 non
839 2057 974 2116 iciellere

4 2133 161 2212 :Eumenem
183 2150 217 2204 et
238 2157 422 2218 quamquam
445 2142 637 2203 dissimulare
659 2149 687 2202 et
708 2138 799 2202 tacite
813 2140 926 2200 habere
940 2137 972 2198 id

25 2221 119 2300 latique
133 2232 295 2300 statuerat,
314 2232 414 2286 tamen
435 2226 466 2284 in
481 2226 579 2301 primo
594 2241 762 2301 congressu
780 2241 842 2285 non
857 2231 973 2300 tempe-

5 2306 89 2383 nrt,
108 2313 178 2386 quin
203 2311 309 2371 uxoris
331 2309 483 2386 petendae
504 2317 725 2386 praematuram
747 2308 974 2369 festinationem

6 2395 7 2474 g
25 2385 84 2450 lali
101 2394 243 2457 obiceret.
271 2396 401 2456 Romam
422 2408 546 2469 quoque
567 2396 647 2454 lama
662 2396 700 2453 de
715 2400 812 2453 morte
826 2391 973 2452 Eumenis

6 2481 7 2488 ¹
24 2475 112 2544 perlata
124 2489 180 2541 est.
545 2491 546 2496 ’

6 2563 7 2604 ῑ
82 2560 167 2622 XVll.
190 2562 254 2623 Sub
271 2563 352 2622 idem
366 2568 489 2637 tempus
505 2561 536 2622 C.
550 2559 693 2621 Valerius
709 2577 747 2619 ex
764 2557 900 2628 Graecia,
919 2557 972 2633 qui

7 2645 9 2722 ξ
24 2637 113 2714 legaus
127 2648 166 2707 ad
179 2645 343 2708 visendum
357 2652 469 2706 statum
483 2645 619 2721 regionis
635 2643 701 2703 eius
717 2639 974 2717 speculandaque
1031 2647 1033 2652 ’

7 2725 9 2782 t
24 2728 121 2788 consilia
133 2729 237 2792 Persei
251 2730 334 2805 regis
349 2728 464 2790 missus
479 2734 559 2802 erat,
584 2727 688 2798 rediit,
712 2723 973 2800 congruentiaque

7 2809 99 2870 ¹tnuia
116 2814 291 2876 criminibus
305 2813 344 2875 ab
357 2813 494 2875 Eumene
509 2810 618 2872 adlatis
639 2809 802 2871 referebat
831 2807 922 2868 simul
942 2814 972 2868 et

8 2899 9 2904 ’
24 2888 161 2957 tdduxerat
175 2914 282 2959 seeum
296 2897 396 2958 Praxo
413 2914 432 2956 a
446 2895 582 2972 Delphis,
605 2895 692 2956 cuius
707 2894 818 2955 domus
831 2899 970 2968 recepta·

26 2974 256 3042 triumlatronum
271 2984 379 3056 iuerat,
400 2989 430 3041 et
444 2979 477 3039 L.
492 2979 661 3040 Rammium
675 2976 902 3049 Brundisinum,
918 2976 971 3052 qui

25 3057 71 3118 tiu
82 3060 176 3124 indicii
191 3066 310 3129 delator
322 3071 394 3124 erat.
408 3065 553 3139 princeps
564 3062 718 3124 Brundisii
729 3061 886 3123 Rammius
899 3059 971 3127 luite

25 3133 128 3216 hospitio
143 3164 267 3225 quoque
288 3156 320 3211 et
333 3149 428 3209 duces
443 3148 600 3230 Romanos
617 3162 723 3206 omnes
739 3153 771 3206 et
783 3146 902 3220 legatos
916 3159 956 3203 ex
1053 3179 1062 3198 .

24 3223 126 3290 braum
141 3248 264 3309 quoquc
275 3233 410 3312 gentium
422 3230 569 3306 insignes,
584 3227 751 3305 praecipue
762 3229 874 3304 regios,
891 3225 964 3285 acci·

26 3303 109 3375 tiebat
135 3331 173 3376 ex
188 3332 224 3377 eo
240 3315 346 3378 notitia
360 3316 389 3376 ei
403 3331 471 3376 cum
487 3314 614 3375 absente
629 3313 742 3374 Perseo
757 3314 872 3379 lucrat;
893 3309 971 3368 litte-

26 3385 103 3466 risque
116 3414 198 3473 spem
213 3398 364 3461 amicitiae
378 3397 531 3459 interioris
543 3410 735 3472 magnaeque
746 3396 818 3455 inde
831 3395 972 3453 fortunae

26 3467 173 3544 luentibus
188 3485 232 3546 ad
241 3499 345 3560 regern
361 3483 519 3558 proiectus
533 3479 620 3541 brevi
636 3475 848 3555 perfamiliaris
863 3471 969 3530 baberi
