2364 3862
191 199 301 262 amun
315 199 403 260 xurr.
427 199 624 261 ennena.
645 201 681 278 p.
698 201 806 278 omn]
926 199 987 264 tra
1033 222 1039 228 ·

38 361 125 430 ratque
146 369 198 415 ecs
221 351 316 414 Didas
335 352 454 427 Paeon,
480 350 533 428 qui
554 352 781 414 adolescentem
801 356 986 418 Demetrium

38 439 173 499 occiderat.
194 447 223 498 et
236 443 421 498 armatorum
440 435 502 497 duo
520 435 601 498 milia
617 435 770 499 Gallorum
786 447 881 510 erant,
897 455 986 514 prae-

38 523 100 582 lecto
109 521 332 596 Asclepiodoto.
357 521 395 580 ab
409 521 558 582 Heraclea
572 536 612 581 ex
624 520 717 583 Sintis
730 522 787 582 tria
801 523 884 582 milia
893 523 985 584 Thia·

37 621 88 666 cum
106 603 262 666 liberorum
284 621 375 667 suum
396 605 507 665 ducem
529 605 690 666 habebant.
719 605 908 668 cretensium
931 623 987 682 par

39 703 98 763 pene
114 705 254 750 numerus
276 705 352 750 suos
368 687 464 748 duces
480 689 675 764 sequebatur,
699 688 812 751 Susum
825 689 985 752 Phalasar-

37 788 104 832 neum
121 781 148 832 ct
165 772 283 851 Syllum
305 771 463 833 Gnosium.
490 780 521 833 et
538 773 691 834 Leonides
720 773 985 836 Lacedaemonius

38 856 179 930 quingentis
194 871 233 916 ex
248 855 393 926 Graecia,
415 855 510 916 mixto
524 855 630 930 generi
644 856 810 933 hominurn,
834 867 984 935 praeerat.

36 939 90 1014 regii
102 941 124 998 is
136 940 257 1014 generis
276 939 446 1015 ferebatur,
468 941 555 1001 exsul
571 941 731 1003 damnatus
747 942 897 1017 frequenti
911 959 984 1004 con·

37 1023 86 1082 cilio
97 1024 292 1099 Achaeorum,
307 1023 414 1084 litteris
430 1024 470 1083 ad
485 1023 601 1084 Persea
615 1024 789 1100 deprensis.
804 1026 984 1090 Aetolorum

16 1167 18 1178 ,
36 1106 236 1184 etBoeotorum,
250 1107 302 1184 qui
313 1123 375 1168 non
388 1108 554 1182 explebant
565 1109 635 1182 plus
648 1123 739 1182 quam
748 1109 985 1184 quingentorum

36 1205 115 1250 ornnes
134 1207 308 1266 numerum,
328 1191 413 1269 Lyco
428 1190 573 1252 Achaeus
593 1194 769 1267 praelectus
784 1198 857 1252 erat.
882 1209 922 1253 ex
935 1193 985 1252 his

35 1272 110 1336 mixtis
123 1283 163 1336 tot
178 1277 372 1352 populorum,
387 1275 579 1350 turgentium
594 1275 715 1335 auxiliis
728 1274 892 1336 duodecim
902 1276 985 1336 milia

35 1363 183 1420 armatorum
199 1361 296 1419 terme
312 1359 532 1420 efficiebantur.
556 1358 692 1433 equitum
707 1373 747 1420 ex
761 1365 825 1422 tota
839 1359 983 1420 Macedo·

16 1441 18 1506 ζ
35 1440 70 1500 nia
85 1450 270 1504 contraxerat
291 1443 347 1502 tria
362 1441 454 1508 milia.
474 1450 600 1504 venerat
613 1443 723 1504 eodem
739 1444 834 1522 cotys
849 1443 984 1506 Seuthae

16 1518 18 1586 l
35 1521 99 1596 iiius,
112 1542 162 1586 rex
175 1526 276 1602 gentis
293 1526 492 1605 Odrysarum,
509 1542 578 1586 cum
588 1528 670 1587 mille
680 1526 808 1590 delectis
820 1528 984 1604 equitibus,

16 1603 18 1620 '
36 1608 81 1681 pari
98 1610 184 1672 ferme
207 1610 344 1686 peditum
364 1623 503 1670 numero.
530 1609 572 1671 ita
587 1627 706 1672 summa
719 1613 812 1674 totius
828 1611 982 1673 exereitus

16 1687 125 1764 iniginta
146 1709 259 1754 novem
283 1693 364 1754 milia
389 1693 523 1768 peditum
546 1700 646 1766 erant,
673 1701 816 1769 quattuor
837 1694 982 1770 equitum.

16 1809 18 1922 ι
36 1774 88 1835 satis
101 1779 270 1850 constabat,
293 1778 464 1838 secundum
479 1792 548 1837 curn
563 1775 730 1837 exercitum
746 1795 839 1853 quem
853 1793 982 1852 magnus

16 1933 18 1944 ,
37 1858 177 1941 Alexander
193 1863 225 1923 in
238 1861 347 1922 Asiam
358 1860 483 1933 traiecit,
499 1876 665 1935 numquam
677 1859 769 1921 ullius
780 1861 983 1921 Macedonum

17 1947 19 2010 l
37 1943 94 2016 tegis
112 1946 213 2021 copias
234 1951 336 2006 tantas
358 1945 464 2004 fuisse.
493 1944 554 2002 LII.
583 1950 690 2004 sextus
706 1953 736 2005 et
749 1943 915 2004 vicesimus
931 1961 983 2003 an·

17 2039 20 2134 q
36 2039 76 2086 nus
88 2030 233 2102 agebatur,
251 2045 291 2090 ex
303 2045 364 2105 quo
380 2028 494 2104 petenti
508 2027 650 2102 Philippo
665 2027 737 2089 data
752 2044 815 2103 pax
828 2036 909 2088 erat:
927 2042 984 2101 per

18 2137 20 2234 q
36 2105 43 2164 i
67 2122 140 2172 omne
153 2120 276 2190 tempus
293 2111 395 2188 quieta
405 2111 587 2172 Macedonia
601 2119 631 2171 et
647 2112 824 2188 progeniem
836 2111 981 2181 ediderat,

18 2235 19 2264 ,
37 2192 98 2254 taius
110 2211 213 2272 magna
229 2213 304 2272 pars
319 2203 436 2257 matura
450 2193 572 2256 miiitiae
587 2203 684 2266 esset,
714 2205 745 2257 et
759 2195 878 2256 levibus
893 2193 981 2254 bellis

18 2269 21 2352 i
36 2271 150 2339 i'nractun
164 2282 349 2355 accolarum,
366 2295 446 2355 quae
460 2287 638 2340 exercerent
652 2280 750 2354 magis
769 2295 861 2356 quarn
877 2279 981 2353 latiga-

19 2371 21 2428 q
38 2367 94 2434 rent,
112 2364 165 2424 sub
184 2365 318 2426 adsidua
332 2371 432 2424 tamen
447 2363 551 2422 militia
567 2365 674 2424 iuerat.
695 2371 725 2423 et
739 2363 792 2425 diu
807 2365 983 2424 meditatum

19 2429 22 2516 Ι
37 2437 144 2522 Philippo
159 2449 268 2524 primo,
285 2447 396 2508 deinde
412 2455 442 2506 et
455 2447 558 2506 Persei
569 2447 740 2508 Romanum
754 2448 866 2507 bellum
881 2443 983 2507 omnia

20 2525 59 2592 ini
67 2525 194 2594 instructa
215 2538 386 2608 parataque
406 2538 512 2591 esseut
532 2529 685 2590 effecerat.
714 2538 797 2590 mota
818 2543 983 2604 parumper

20 2593 22 2697 Ι
38 2609 104 2686 acies,
116 2631 172 2676 non
187 2617 268 2678 iusto
286 2615 419 2675 decursu
435 2621 544 2686 tamem
566 2628 604 2672 ne
621 2613 744 2672 stetisse
759 2619 873 2672 tantum
888 2608 918 2670 in
934 2626 981 2669 ar-

21 2689 76 2760 imin
90 2697 272 2768 viderenturq
297 2707 509 2773 armatosque,
531 2695 611 2757 sicut
631 2702 731 2770 erant,
753 2695 793 2754 ad
809 2693 982 2756 contionem

21 2767 136 2868 lineavit
156 2783 224 2858 ipse
239 2782 375 2846 constitit
388 2780 419 2841 in
436 2780 592 2854 tribunali,
619 2779 702 2840 circa
716 2794 751 2840 se
766 2778 884 2839 habens
900 2776 981 2839 lilios

21 2869 23 2910 ἡ
39 2855 93 2920 dnos
103 2861 125 2936 *,
141 2883 269 2941 quorum
284 2866 381 2926 maior
395 2865 554 2940 Philippus
569 2871 677 2924 natura
692 2865 792 2933 trater,
815 2863 981 2938 adoptione

22 2979 23 2984 η
39 2937 103 3018 liius,
115 2949 216 3024 minor,
240 2965 331 3025 quem
347 2949 555 3011 Alexandrum
571 2948 730 3020 vocabant,
746 2948 891 3008 naturalis
907 2954 981 3008 erat.

42 3023 183 3113 ⁸cohortatus
197 3042 244 3096 est
259 3033 369 3178 mignas
384 3033 424 3093 ad
437 3033 565 3101 bellumq
581 3030 720 3092 iniuriam
732 3031 840 3107 populi
850 3033 980 3092 Romani

41 3117 167 3182 ltpatrem
187 3133 285 3194 aeque
345 3115 564 3177 mmemoravit.
586 3112 669 3176 illurn
694 3115 835 3177 omnibus
851 3116 980 3191 indigni-

23 3215 25 3260 ,
41 3190 122 3258 tutibus
136 3204 324 3277 compulsum
340 3201 378 3260 ad
393 3199 611 3269 rebellandum,
627 3199 704 3261 inter
717 3207 898 3275 apparatum
909 3196 980 3260 belli

41 3267 82 3334 into
94 3294 280 3357 oppressum=
302 3281 392 3345 adse
407 3283 496 3343 simul
511 3283 628 3357 legatos
644 3283 735 3345 simul
748 3284 857 3344 milites
873 3283 913 3342 ad
927 3295 979 3341 oc-

43 3365 165 3432 llpandas
186 3369 330 3432 Graeciae
350 3367 443 3428 urbes
463 3365 585 3427 missos.
615 3365 715 3428 laliaci
738 3365 807 3426 dein
823 3364 978 3437 colloquio

43 3448 79 3506 lii
90 3451 210 3522 speciem
228 3451 473 3515 reconciliandae
495 3451 579 3524 pacis
595 3455 761 3510 extractam
774 3448 919 3517 hiemem,
944 3451 976 3503 ut
