2364 3862
149 172 211 234 214
339 171 453 230 LIBER
464 170 568 228 XLIV.
592 167 674 227 CAP.
687 177 713 226 5.
729 173 755 226 6.
779 167 814 242 [a.
829 171 853 222 U
866 187 891 223 c.
903 169 967 243 583]

150 324 188 382 ad
211 321 388 396 aequiorem
411 321 518 378 vallem
541 323 721 393 perventum
738 323 795 374 est.
818 315 912 390 paulo
931 315 1001 388 pius
1017 322 1132 387 septem

148 405 294 466 mitiadis
310 404 436 464 Romani
452 407 686 477 processerunt;
702 399 859 458 minimum
875 397 1010 472 pedibus
1022 398 1133 458 itineris

149 489 330 549 coniectum.
354 488 533 562 plerumque
549 485 767 559 provolventes
785 497 822 540 se
843 480 936 540 simul
957 496 1027 540 cum
1045 482 1133 541 armis

149 573 279 644 aliisque
304 569 448 631 oneribus
473 584 542 628 cum
567 567 650 628 omni
675 579 789 640 genere
807 564 984 625 vexationis
1010 579 1134 638 proces·

150 663 264 726 serunt,
280 654 358 712 adeo
373 659 407 712 ut
421 667 460 710 ne
475 651 538 711 dux
554 649 677 725 quidem
694 656 725 708 et
735 655 843 709 auctor
861 646 980 707 itineris
993 647 1132 707 infitiare·

149 745 197 797 tur
214 751 309 811 parva
324 751 416 793 manu
431 735 525 794 deleri
540 748 661 793 omnem
676 731 844 791 exercitum
861 731 1014 805 potuisse.
1048 740 1133 791 nocte

149 821 189 879 ad
204 818 354 879 modicam
370 816 524 892 planitiem
542 821 764 892 pervenerunt;
787 828 891 889 neque
907 831 947 873 an
962 814 1096 873 infestus
1111 815 1132 872 is

149 904 236 961 iocus
252 908 337 960 esset
351 907 477 975 saeptus
492 901 629 974 undique
642 897 910 972 circumspiciendi
923 895 1058 971 spatium
1074 898 1133 955 init

148 985 201 1042 vix
215 983 337 1042 tandem
352 999 391 1042 ex
406 985 562 1056 insperato
577 982 716 1042 stabilem
733 981 773 1039 ad
794 978 1001 1040 insistendum
1017 980 1131 1040 nanctis

148 1068 248 1127 iocum
269 1073 395 1140 postero
412 1081 537 1140 quoque
551 1066 602 1125 die
616 1065 645 1123 in
662 1071 721 1125 tam
737 1064 911 1123 carravalle
928 1063 1069 1137 opperiri
1082 1061 1133 1122 Po·
1153 1079 1154 1082 ¹

150 1149 265 1224 pilitum
289 1164 326 1208 ac
346 1149 467 1209 relictas
486 1165 554 1209 cum
569 1163 607 1208 eo
628 1147 736 1223 copias
757 1161 890 1207 necesse
911 1147 983 1215 iuit;
1007 1163 1089 1222 quos
1109 1155 1133 1206 et

151 1232 249 1307 ipsoS,
266 1247 335 1291 cum
346 1233 385 1290 ab
401 1233 483 1291 nulia
497 1239 583 1306 parte
594 1232 694 1291 hostis
704 1229 874 1302 terruisset,
891 1232 1033 1290 iocorum
1048 1245 1132 1304 aspcf

150 1315 224 1374 ritas
239 1314 534 1374 hostilitervexavit.
569 1315 656 1374 tertio
678 1314 728 1374 die
749 1313 921 1373 coniunctis
943 1314 1046 1388 copiis
1068 1320 1154 1373 eunt

149 1400 345 1471 parasitum,
367 1412 457 1471 quem
472 1399 591 1458 incolae
612 1396 807 1473 Callipeucen
831 1398 998 1471 appeliant.
1030 1404 1133 1472 quarto

150 1479 223 1539 inde
239 1479 289 1537 die
305 1493 472 1554 peraeque
487 1480 577 1553 invia,
593 1481 650 1540 sed
665 1480 870 1540 adsuetudine
886 1480 1015 1554 peritius
1032 1488 1062 1540 et
1077 1497 1132 1540 me-

151 1562 226 1621 liore
242 1577 309 1621 curn
324 1577 390 1636 spe,
407 1563 490 1636 quod
502 1579 559 1623 nec
569 1564 667 1624 hostis
678 1580 824 1638 umquam
839 1564 1011 1639 apparebat
1022 1574 1053 1624 et
1063 1562 1133 1623 mari
1153 1569 1154 1572 ’

152 1645 450 1720 appropinquabant,
472 1647 611 1722 degressi
629 1648 658 1706 in
676 1663 802 1722 campos
817 1646 897 1707 inter
909 1647 1094 1708 Heracleum
1108 1655 1134 1706 et

150 1728 325 1789 Libethrum
340 1739 510 1804 posuerunt
524 1739 624 1792 castra
640 1731 785 1806 peditum,
808 1747 940 1806 quorum
951 1747 1026 1806 pars
1042 1731 1133 1791 maior

150 1814 283 1871 tumulos
295 1812 425 1873 tenebat.
447 1812 489 1873 ibi
501 1816 580 1874 vatio
589 1815 688 1889 campi
701 1829 827 1889 quoque
840 1822 968 1890 partem,
979 1816 1034 1874 ubi
1042 1830 1132 1890 eques

150 1896 297 1966 tenderet,
314 1897 582 1970 amplectebantur.

236 1979 288 2038 Vl.
316 1979 442 2038 Lavanti
467 1981 532 2055 regi
558 1981 668 2041 dicitur
688 1981 857 2041 nuntiatum
883 1981 992 2042 hostes
1015 1984 1131 2043 adesse.

152 2077 213 2134 quo
235 2061 339 2120 nuntio
361 2077 428 2120 cum
449 2064 578 2136 pavidus
600 2065 777 2125 exsiluisset
798 2079 816 2122 e
836 2065 933 2137 solio,
959 2066 1074 2126 victum
1102 2081 1132 2126 se

151 2144 218 2203 sine
247 2143 364 2215 proelio
394 2146 550 2206 clamitans
582 2146 747 2221 proripuit;
776 2155 808 2207 et
836 2149 970 2208 subinde
998 2166 1056 2224 per
1080 2149 1132 2210 alia

151 2225 272 2297 aliaque
288 2226 400 2298 pavida
411 2227 539 2287 consilia
551 2237 581 2290 et
592 2231 719 2305 imperia
731 2231 898 2306 trepidans,
917 2232 998 2294 duos
1014 2249 1054 2293 ex
1065 2233 1132 2293 ami·

152 2305 196 2366 cis
211 2306 332 2380 Peliam,
347 2309 474 2370 aiterum
489 2328 590 2388 usque
604 2315 642 2373 ad
661 2314 784 2389 pathum
796 2314 833 2353 **
847 2315 980 2390 pecunia
995 2317 1131 2393 deposita

151 2395 217 2484 erat
228 2387 266 2427 **
277 2405 315 2449 ex
325 2394 486 2466 praesidiis
497 2406 630 2472 revocat,
643 2399 923 2472 omnesqneaditus
935 2401 1037 2474 aperit
1045 2402 1132 2460 betto.

151 2486 220 2545 rpse
234 2471 272 2530 ab
284 2473 340 2534 Dio
350 2478 464 2538 armatis
480 2481 589 2541 statuis
601 2481 741 2542 omnibus
754 2483 861 2557 raptis,
877 2499 916 2542 ne
930 2485 1047 2558 praeda
1057 2483 1131 2544 hosti

151 2564 264 2625 essent
281 2557 398 2619 incolas
414 2561 481 2622 eius
492 2562 553 2623 loci
565 2564 737 2639 demigrare
747 2565 887 2642 Pydnam
900 2567 999 2641 cogit=
1016 2575 1047 2628 et
1058 2582 1131 2642 quae

151 2640 308 2734 temeritas
321 2645 457 2704 consulis
473 2646 570 2706 videri
587 2648 745 2723 potuisset,
762 2650 847 2724 quod
862 2666 900 2710 eo
917 2651 1129 2723 processisset,

151 2719 233 2776 unde
248 2727 342 2813 rnvrto
359 2725 448 2786 hoste
462 2731 584 2801 regredi
602 2732 750 2806 nequiret,
767 2749 836 2793 eam
853 2750 916 2794 noa
931 2734 1128 2795 inconsultam

151 2800 311 2860 audactam
327 2805 407 2867 iecit.
437 2809 516 2869 duos
532 2814 612 2873 enim
627 2816 733 2889 saltus,
749 2833 805 2891 per
821 2834 901 2892 quos
917 2817 991 2876 inde
1003 2817 1129 2877 evadere

151 2888 288 2971 possent
301 2883 457 2948 habebant
469 2893 615 2972 Romani,
633 2915 725 2960 unum
747 2916 803 2973 per
821 2901 937 2975 Tempe
959 2901 988 2960 in
1005 2902 1128 2961 Thessa-

149 2960 228 3052 ¹¹³¹¹.¹.’
246 2964 374 3025 alterum
391 2971 420 3028 in
433 2973 644 3042 Macedoniam
658 2989 777 3058 praeter
790 2983 896 3053 Dium;
912 2999 995 3059 quae
1005 2991 1129 3058 utraque

148 3055 241 3112 regns
256 3047 438 3112 tenebantur
453 3061 625 3129 praesidiis.
648 3068 752 3140 itaque
767 3067 794 3125 si
816 3067 880 3125 dux
894 3067 1067 3142 intrepidus
1081 3067 1126 3125 de·
1154 3106 1155 3109 ,

148 3137 220 3230 ¹0.ch
236 3122 303 3184 ‘¹¹⁶⁸
327 3131 456 3201 Primam
472 3145 607 3214 Speciem
634 3150 909 3225 appropinquantis
924 3151 1050 3211 terroris
1065 3164 1123 3210 sus-

148 3213 302 3298 ‘¹⁰¹,¹¹⁸⁸⁰²2
331 3229 436 3290 neque
461 3237 606 3300 receptus
630 3234 776 3296 Romanis
798 3249 853 3308 per
866 3234 983 3309 Tempe
996 3235 1027 3294 in
1040 3233 1125 3293 Thes*

146 3286 252 3344 sanam
267 3304 372 3382 {mque
388 3310 610 3374 commeatibus
627 3317 831 3390 pervehendis
847 3332 885 3378 ec
902 3316 1053 3391 patuisset
1066 3317 1115 3375 iter

146 3376 214 3425 ⁵¹³st
231 3383 310 3430 emm
329 3376 445 3456 Tempe
467 3390 581 3466 saltus,
605 3399 722 3458 etiamsi
743 3415 804 3459 non
825 3400 907 3461 bello
923 3401 978 3460 iiat
992 3402 1122 3468 infestus,
