2368 3858
422 175 635 228 FRAGMENTA.
986 203 1026 246 xv

38 341 95 392 qnos
105 327 242 377 centesimo
256 341 364 390 quoqne
379 342 446 378 anuo
457 329 525 378 -is
535 331 604 380 euim
614 333 737 383 terminus
746 336 842 386 saeculi
852 359 886 374 -
896 337 953 387 ileri
964 354 1025 390 mos.

39 397 157 448 corona.
178 397 211 446 de
224 397 277 445 Die
292 395 357 446 Nat.
374 410 434 459 cap.
454 394 497 449 17.
527 398 568 463 Os.
579 399 734 451 Freimbem.
750 401 877 466 Supplem.
893 420 951 468 cap.
966 405 1009 458 46.

82 517 113 566 ii)
130 511 176 559 Vir
194 512 296 576 ingenii
316 515 406 579 magni
420 517 513 580 magis,
533 530 610 578 quam
621 518 692 570 boui.
719 517 818 569 Seneca
831 521 864 570 de
876 520 935 581 Ira,
949 519 973 586 1,
985 519 1026 573 16.

80 585 112 636 58)
129 577 257 630 Profiteor
276 579 368 630 mirari
382 597 424 632 me
440 582 469 634 T.
491 584 607 649 Livium,
632 594 761 637 auctorem
777 589 983 647 celeberrimum,
1002 591 1026 638 in

36 649 190 714 Historiarum
214 663 341 709 suarum,
365 665 431 713 quos
450 653 540 717 repetit
557 655 589 704 sb
608 657 707 722 origine
724 657 804 715 urbis,
824 658 936 720 quodam
955 656 1027 707 volu·

36 717 93 766 uiue
110 717 146 766 sie
170 731 312 766 exorsum:
344 716 414 768 Satis
431 720 482 770 iam
501 721 551 770 sibi
568 723 665 789 gloriae
684 725 841 789 quaesitum,
869 734 894 775 et
911 725 1026 792 potuisse

37 800 59 834 sc
72 786 191 846 desinere,
212 787 241 835 ni
260 786 367 836 animus
384 788 485 850 inquies
503 801 651 854 pasceretur
669 807 754 858 opere.
783 794 882 844 Plinius
898 796 925 844 in
943 795 1026 844 Prae·

35 854 74 918 [αἱ.
92 853 131 902 lib.
149 853 175 902 I.
195 854 268 904 Erat.
291 853 354 904 Nat.

77 927 107 978 bt)
122 921 149 971 T.
162 923 256 973 Livius
275 937 308 972 ao
323 922 411 989 Nepos
425 921 558 975 Cornelius
575 927 717 978 latitudinis
733 928 807 994 (freti
825 928 959 992 Gaditani)
976 937 1025 979 tra·
1049 955 1058 970 ·

35 990 153 1050 diderunt‚
172 991 219 1041 ubi
239 993 340 1056 minus,
360 1000 461 1056 septem
476 994 556 1044 millia
573 1010 713 1060 passuum
737 998 781 1047 ubi
799 1013 860 1048 vero
877 998 1020 1063 plurimum,

35 1058 109 1107 decem
126 1058 217 1108 millia.
249 1060 356 1110 Plinius
373 1063 400 1112 in
418 1061 539 1126 Praefat.
559 1063 600 1115 lib.
620 1063 678 1116 III.
696 1065 769 1115 Hbs.
790 1065 853 1120 Nat.

77 1132 108 1184 itt)
125 1125 267 1192 completis
286 1129 449 1180 consulibus.
477 1129 550 1181 Sero.
570 1133 608 1182 od
630 1133 722 1195 Virqil.
743 1132 835 1197 Geory.
855 1131 912 1192 ΙΙΙ,
935 1132 960 1184 1.

75 1201 105 1251 61)
123 1197 209 1246 Verba
228 1206 307 1257 sunt,
332 1204 362 1245 ut
379 1197 506 1248 habemus
528 1201 554 1248 in
573 1201 661 1260 Livio,
685 1202 847 1265 imperatoris
864 1199 1024 1265 transfugam

34 1263 165 1384 {elcipiifgntis
181 1267 209 1314 in
221 1265 321 1316 fldem:
343 1265 464 1331 Quisquis
481 1282 517 1330 es,
536 1276 622 1319 noster
637 1271 697 1322 eris.
709 1269 782 1319 Seru.
795 1270 833 1319 ad
848 1269 941 1333 Virpil.
955 1270 1021 1318 Aen.

60 1367 67 1391 ,
128 1369 134 1380 .

75 1405 105 1459 it)
122 1403 311 1467 imperatorem
339 1417 381 1451 me
400 1411 483 1453 mater
505 1417 579 1469 mea,
604 1419 655 1454 nou
672 1404 819 1455 bellatorem
837 1406 947 1470 peperit.
964 1405 1023 1455 Hoc

1 1471 2 1476 ’
34 1463 143 1531 Scipionis
161 1472 254 1520 dictum
274 1487 313 1522 en
329 1471 406 1521 Livio
425 1473 523 1536 afferre
540 1473 639 1523 videtur
654 1474 796 1525 Gsoilielmus
813 1473 1021 1524 Malmesltun'eu-

1 1535 2 1549 ³
34 1537 63 1584 tis
76 1537 134 1588 Rer.
154 1541 234 1605 Anpl.
255 1540 302 1590 lib.
323 1539 364 1589 II.
383 1555 411 1602 ρ.
433 1537 493 1594 162.

1 1645 2 1648 ,
75 1608 171 1662 bttDic
189 1609 265 1674 milri,
288 1623 369 1671 quum
389 1623 468 1675 saepe
484 1623 591 1659 numero
610 1610 636 1658 in
648 1610 771 1659 Romanis
783 1609 898 1659 historiis
912 1609 1020 1675 legatur,

33 1671 93 1722 Livio
115 1688 235 1737 auctore,
261 1677 421 1742 saepissime
439 1680 466 1727 in
482 1678 531 1728 bac
554 1679 618 1727 urbe
643 1685 730 1727 exorta
755 1677 900 1742 pestilentia
921 1677 1019 1726 induite

33 1739 148 1793 bominum
173 1745 260 1796 millia
291 1746 451 1812 deperiisse,
475 1754 551 1808 atque
575 1760 604 1794 eo
621 1743 767 1807 frequenter
789 1752 908 1803 ventum,
932 1751 960 1792 ut
977 1747 1019 1795 vix

34 1819 101 1872 esset,
124 1815 192 1864 unde
215 1815 275 1864 illis
298 1815 431 1864 bellicosis
454 1814 613 1879 temporibus
631 1813 756 1862 exercitus
774 1812 900 1878 potuisset
917 1813 1018 1872 ascribi,

1 1915 2 1926 ,
33 1877 67 1928 illo
81 1888 192 1947 tempore
219 1885 274 1935 deo
296 1891 340 1933 tuo
359 1884 498 1933 Februario
518 1882 622 1932 minime
640 1880 776 1931 litabatur?
802 1895 835 1930 on
849 1881 925 1929 etiam
938 1879 1018 1930 cultus

34 1944 68 1996 bic
82 1953 179 2001 omuino
204 1951 277 2002 nihil
300 1951 444 2017 proderat?
471 1951 514 2001 illo
532 1960 646 2015 tempore
665 1950 816 2016 Lupercalia
839 1963 889 1998 non
908 1948 1017 1998 celebra-

1 2021 2 2024 ’
34 2015 126 2068 brutior?
146 2035 194 2071 uec
212 2023 287 2072 enim
307 2022 422 2071 dicturus
441 2035 482 2084 es,
502 2020 566 2070 boec
582 2035 655 2068 sacra
673 2019 756 2070 adhuc
773 2018 823 2068 illo
834 2026 949 2082 tempore
967 2032 1017 2066 uon

1 2077 2 2140 J
35 2087 142 2151 coepisse,
150 2105 217 2153 quae
229 2098 293 2140 ante
300 2090 440 2141 Romulum
451 2091 483 2139 ab
490 2088 609 2138 Euandro
619 2089 645 2137 in
651 2088 748 2138 ltaliam
760 2086 926 2153 perhibentur
935 2086 1014 2136 illata.

1 2151 2 2154 ’
33 2153 168 2220 Lupercalia
191 2167 283 2210 autem
307 2165 415 2224 propter
432 2158 494 2222 quid
511 2157 625 2207 instituta
641 2158 706 2223 sint,
730 2157 866 2222 (quantum
884 2156 917 2206 ad
933 2157 1016 2221 ipsius

34 2228 206 2288 superstitionis
231 2235 382 2278 commenta
402 2225 561 2291 respectant)
580 2227 670 2276 Livius
689 2227 801 2277 secunda
817 2225 914 2276 decade
933 2224 1015 2288 loqui-

1 2339 2 2342 ,
33 2298 78 2341 tur:
101 2311 145 2348 nec
168 2307 281 2364 propter
307 2296 410 2346 morbos
435 2295 588 2346 inhibendos
610 2297 726 2345 institute
750 2302 944 2359 commemorat,
968 2294 1015 2343 sed

1 2367 2 2413 i
32 2370 120 2427 propter
137 2367 305 2416 sterilitatem
324 2365 477 2429 mulierum,
501 2379 567 2427 quae
584 2373 646 2414 tuuc
664 2363 803 2427 accideret,
823 2362 1012 2414 exsolvendum.

33 2425 71 2476 ΕΦ
92 2433 186 2485 Gelasii
202 2436 302 2498 Papae
317 2434 404 2496 Epist.
424 2433 548 2482 adsersus
569 2432 773 2502 Andromachum·
791 2433 817 2480 in
833 2429 945 2480 Baronir'
960 2432 1012 2480 An·

32 2499 74 2551 nal.
90 2507 174 2554 eccles.
195 2505 236 2554 ad
254 2519 280 2552 a.
299 2500 363 2556 496.
385 2518 449 2551 nura.
468 2499 513 2554 35.

74 2573 107 2627 64)
124 2571 278 2623 Secundum
292 2571 397 2622 Livium
415 2571 494 2636 legati
511 2570 584 2635 pacis
601 2569 778 2618 caduceatores
794 2567 919 2617 dicuntur.
939 2563 1012 2621 Sero.

32 2635 61 2682 od
78 2640 164 2705 Viror't
183 2643 254 2693 Aen.
273 2641 330 2706 IV,
348 2639 410 2690 tlt.

73 2710 105 2767 66)
122 2711 215 2761 Livius
236 2717 373 2776 argentum
391 2722 471 2774 grave
487 2707 556 2766 dicit,
574 2706 664 2765 idest,
685 2717 792 2754 massas.
811 2701 883 2754 Seru.
900 2703 937 2752 ad
953 2705 1011 2754 Vir·

30 2773 65 2835 oll-
81 2777 143 2828 Aen.
169 2780 222 2841 VI,
241 2776 305 2831 862.
333 2779 375 2844 Os.
395 2775 491 2827 Isidor.
511 2774 592 2834 XVI,
612 2770 653 2826 17.

1 2893 2 2908 2
72 2849 105 2906 66)
121 2848 149 2896 ln
168 2848 221 2898 hoo
240 2862 342 2898 summo
362 2845 550 2912 (promontorio
572 2841 690 2910 Circaeo)
717 2842 838 2908 oppidum
856 2841 918 2908 luit,
942 2844 1010 2907 quod

32 2919 51 2958 et
66 2910 193 2966 Circaeum
214 2917 312 2967 dictum
332 2924 357 2965 et
376 2913 481 2966 Circaei.
512 2913 576 2964 Nom
591 2921 725 2976 utrumque
737 2911 827 2962 Livius
845 2912 918 2966 dixit.
937 2911 1007 2969 Serv.

31 2979 60 3027 66
77 2983 164 3050 Virpit.
185 2986 254 3039 Aen.
280 2983 345 3045 VII,
365 2985 408 3038 10.

73 3056 105 3108 ss⁷>
122 3056 246 3121 Impubes
259 3054 385 3119 libripens
401 3069 457 3104 esse
473 3067 523 3102 uon
532 3059 625 3116 potest,
640 3066 722 3115 neque
732 3055 861 3104 antestari.
881 3054 1007 3106 Prrbciart.

31 3115 64 3166 tto.
86 3121 160 3173 VIII
177 3124 287 3175 Gronau.
307 3138 335 3186 p.
356 3119 408 3175 792
427 3123 467 3174 ed.
487 3120 589 3171 Pouet.
613 3123 670 3172 Vol.
687 3121 712 3181 I,
730 3136 759 3184 p.
778 3118 838 3175 369.
858 3125 898 3173 ed.
917 3124 1007 3176 Krebl.

74 3193 105 3250 68)
123 3191 228 3244 Scimus
247 3207 398 3244 conoessum
417 3205 474 3242 esse
489 3191 668 3252 scribentibus,
687 3199 715 3240 ut
733 3192 866 3243 iteratione
882 3195 1007 3258 prooemii

31 3253 161 3319 legentium
179 3262 297 3313 reficiant
315 3262 443 3313 interdum
460 3261 581 3313 laborem.
599 3275 658 3309 nam
673 3268 696 3310 et
706 3261 795 3311 Livius
811 3261 954 3325 frequenter
968 3265 1006 3315 iu·

31 3336 97 3376 novat
114 3331 254 3396 principia,
273 3338 302 3381 ut
321 3332 426 3382 incensa
443 3345 458 3380 a
474 3328 553 3380 Gallis
573 3330 644 3391 urbe,
663 3337 687 3380 et
700 3329 834 3396 completis
849 3333 1003 3386 consulibus.

31 3388 93 3444 Seru.
112 3400 148 3448 od
169 3400 244 3467 Virq.
266 3401 358 3466 (leorp.
379 3402 413 3451 in.
