2364 3862
1173 113 1175 148 Ι

188 241 248 304 188
374 239 489 300 LIBER
502 237 590 299 XLll.
613 237 695 298 chr.
710 243 754 300 67.
777 242 814 310 [ι.
825 241 860 296 U.
872 260 895 293 c.
907 241 969 308 581]

187 405 282 469 ptare.
306 408 375 452 eum
387 391 501 450 Pellam
514 391 666 460 venisset,
687 390 823 449 exercitu
843 390 873 448 in
893 388 1020 450 hiberna
1034 390 1144 452 dinusso

186 477 256 552 ipse
271 492 340 536 oum
351 475 448 553 Cotye
457 473 706 534 Thessalonicam
716 480 765 533 est
777 474 944 548 proiectus.
966 488 1003 533 ao
1017 475 1091 532 lama
1101 475 1142 532 ad·

187 563 282 621 lertur
294 556 444 619 Atlesbim
462 558 601 632 regulum
613 556 764 617 Thracum
784 564 814 616 et
835 555 1000 630 Corragum
1018 555 1145 616 Eumenis

187 644 374 719 praetectum
389 641 419 700 in
434 640 540 719 Cotyis
555 641 633 701 fines
648 640 792 715 impetum
812 639 939 711 iecisse,
962 647 993 699 et
1007 639 1144 714 regionem

185 727 331 787 Marenen
347 741 437 800 quam
448 733 560 784 vocant
574 725 706 798 cepisse.
728 723 831 797 itaque
846 723 1054 783 dimittendum
1064 722 1142 798 Cotyn
1173 719 1175 732 ²

187 811 299 870 adsue
314 808 429 868 tuenda
447 816 533 868 ratus
554 807 672 882 magnis
690 807 936 882 proficiscentem
951 806 1040 865 donis
1055 821 1142 880 prose

188 895 297 968 quitur.
326 891 457 952 ducenta
476 892 604 966 talenta,
625 897 773 951 semestre
793 888 995 964 stipendium,
1019 889 1142 964 equitatu

186 983 339 1049 numerat,
356 990 425 1034 cum
440 974 537 1050 primo
552 990 685 1036 annuum
699 974 772 1034 dare
788 972 1007 1034 constituisset.

272 1058 385 1120 Consul
400 1066 563 1134 postquam
576 1059 745 1133 proiectum
756 1056 870 1116 Persea
883 1055 1016 1128 audivit,
1032 1057 1067 1115 ad
1079 1055 1141 1115 Gon·

186 1160 258 1203 num
270 1151 371 1204 castra
382 1149 492 1215 movet,
503 1142 530 1202 si
541 1141 631 1218 potiri
641 1137 756 1217 oppido
768 1146 885 1215 posset.
897 1147 968 1199 ante
977 1139 1046 1214 ipsa
1052 1138 1143 1211 Tempe

186 1227 217 1287 in
231 1225 371 1288 faucibus
386 1226 476 1286 sitam
489 1225 688 1286 Macedoniae
708 1226 842 1284 claustra
856 1223 1010 1283 tutissima
1029 1221 1141 1296 praebet,

186 1318 217 1372 et
228 1312 259 1371 in
265 1309 454 1370 Thessaliam
465 1319 670 1384 opportunum
676 1305 895 1367 Macedonibus
906 1307 1076 1366 decursmn.
1091 1320 1142 1364 ιιιι

188 1403 217 1453 et
230 1395 299 1453 loco
315 1402 345 1453 et
358 1393 513 1467 praesidio
528 1392 631 1452 valido
646 1390 890 1466 inexpugnabilis
906 1395 982 1464 [res]
998 1397 1090 1460 esset,
1102 1387 1140 1446 ab·

186 1475 260 1536 stitit
286 1475 418 1548 incepto.
450 1473 481 1534 in
501 1474 713 1535 Perrhaebiam
738 1473 828 1534 flexis
854 1473 1014 1534 itineribus
1034 1473 1141 1531 Malloea

186 1559 284 1632 primo
302 1559 416 1632 impetu
430 1565 519 1632 capta
539 1573 576 1617 ac
590 1558 725 1631 direpta,
744 1557 858 1632 Tripoli
879 1556 1002 1631 aliaque
1017 1555 1139 1616 Perrhae·

185 1642 236 1701 bia
249 1649 374 1716 recepta
384 1640 520 1701 Larisam
534 1641 631 1701 rediit.
654 1641 724 1700 inde
735 1640 869 1700 Eumene
884 1648 978 1716 atque
992 1640 1087 1700 Attalo
1100 1639 1138 1696 do·

185 1741 268 1786 mum
283 1721 420 1784 remissis
434 1723 621 1799 Misagenem
636 1723 843 1799 Numidasque
857 1723 888 1783 in
904 1723 1033 1784 hiberna
1046 1724 1073 1782 in
1087 1736 1140 1796 pro·

185 1808 276 1868 ximis
287 1807 442 1870 Thessalis
458 1809 584 1868 urbibus
596 1809 762 1880 distribuit,
778 1815 809 1868 et
823 1816 938 1882 partem
954 1808 1099 1868 exercitus
1110 1804 1140 1864 itt

187 1908 242 1967 per
256 1901 348 1952 totam
362 1891 550 1952 Thessaliam
565 1891 681 1964 divisit,
696 1899 730 1951 ut
743 1899 773 1951 et
782 1891 910 1950 hiberna
924 1891 1082 1952 commoda
1094 1904 1141 1948 om

185 1991 242 2035 nes
257 1976 403 2035 haberent
422 1984 453 2036 et
473 1976 625 2050 praesidio
639 1975 766 2035 urbibus
778 1982 892 2034 essent
924 1975 957 2048 Q
972 1973 1140 2034 Muciumle

141 2063 143 2082 ²
185 2065 286 2134 gatum
309 2074 377 2119 cum
406 2058 527 2118 duobus
550 2058 670 2118 milibus
691 2058 731 2118 ad
755 2057 948 2119 obtinendam
968 2056 1141 2116 Ambraciam

184 2141 275 2201 misit
292 2141 473 2201 Graecarum
484 2139 649 2202 civitatium
658 2156 761 2200 socros
773 2155 879 2203 omnes
890 2139 1142 2215 praeterAehaeos

185 2222 305 2283 dimisit.
328 2238 397 2282 cum
410 2223 561 2284 exercitus
576 2233 662 2299 parte
674 2224 849 2298 proiectus
841 2240 871 2283 m
883 2224 1032 2284 Achaiam
1042 2220 1140 2280 Phthio

184 2307 252 2378 tim,
267 2305 400 2366 Pteleum
416 2306 570 2367 desertum
585 2309 657 2382 iuga
671 2307 894 2382 oppidanorum
909 2308 1000 2367 diruit
1017 2323 1035 2366 a
1054 2304 1140 2364 funda·

184 2389 309 2462 mentis,
324 2391 462 2449 Antrona
475 2392 630 2452 voluntate
645 2389 807 2451 colentium
821 2391 946 2466 recepit.
968 2391 1009 2450 ad
1024 2388 1140 2449 Larisam

73 2545 77 2550 ¹
186 2473 296 2532 deinde
317 2472 483 2533 exercitum
495 2474 639 2535 admovit
672 2473 743 2534 urbs
764 2475 887 2536 deserta
907 2482 986 2544 erat;
1009 2474 1039 2534 in
1058 2483 1140 2532 arceo

186 2557 284 2618 omnis
300 2556 458 2618 multitudo
470 2567 681 2619 concesseram
704 2574 770 2619 eam
783 2574 963 2635 oppugnare
974 2554 1139 2632 adgreditur.

184 2639 273 2716 primi
288 2642 419 2702 omnium
434 2642 636 2715 Macedones,
651 2641 768 2717 regium
784 2641 985 2716 praesidium
1010 2648 1086 2700 metu
1098 2651 1138 2695 ex·

185 2733 356 2794 cesserant,
373 2741 392 2784 a
407 2725 518 2799 quibus
533 2727 627 2786 relicti
643 2725 790 2801 oppidani
804 2727 832 2784 in
849 2725 1034 2787 deditionem
1045 2731 1140 2784 extem·

184 2805 381 2879 pioveniunt.
406 2807 536 2870 dubitari
552 2809 639 2881 inde,
655 2817 754 2869 utram
766 2809 934 2870 Demetrias
950 2801 1138 2883 adgredienda

184 2890 263 2948 ioret
278 2905 315 2948 an
331 2889 360 2949 in
374 2891 502 2954 Boeotia
516 2892 712 2966 aspiciendae
726 2908 786 2952 res.
809 2892 959 2963 Thebani,
975 2885 1139 2951 vexantibus

183 2987 239 3030 eos
256 2971 435 3044 Coronaeis,
456 2991 486 3033 m
497 2973 655 3035 Boeotiam
669 2976 875 3037 arcessebant.
905 2977 945 3035 ad
966 2972 1070 3035 horum
1083 2981 1137 3046 pro
1173 2979 1175 3062 l

183 3069 252 3200 ἔοι,
244 3070 347 3128 qma
357 3054 501 3198 dhibemrs
523 3058 622 3132 aptior
641 3059 725 3134 regio
747 3075 837 3134 quam
851 3059 1008 3134 Magnesia
1027 3063 1139 3128 orabit
1173 3073 1175 3136 ι

211 3136 340 3197 oeotiam
379 3139 450 3200 uxit.
1174 3137 1175 3158 ²

570 3345 771 3358 munna—nu..
