2328 3870
182 210 288 272 LIBER
301 211 388 272 XLII.
412 210 495 271 CAP.
512 218 554 272 lii.
567 219 610 272 ιθ.
635 218 671 286 [a.
683 217 716 269 C.
731 213 791 290 172]
920 213 983 276 145

8 363 9 412 I
41 361 161 438 peditum,
182 366 297 420 centum
309 367 340 420 et
354 360 574 435 quinquaginta
589 360 709 436 equites
725 361 756 421 in
770 361 924 425 Romanas
939 364 983 424 ie-

8 469 9 472 *
41 445 135 520 poam:
157 442 184 502 in
203 444 345 504 socialem
366 442 532 505 exercitum
554 444 691 520 quiaque
705 445 787 504 milla
801 447 937 522 peditum
952 455 984 506 ct

42 534 161 604 trecentos
180 528 295 602 equites
310 528 461 603 imperare
476 528 571 589 sociis
586 527 672 589 iussi.
702 528 762 589 hoc
777 530 937 606 copiarum
952 531 983 590 in

44 610 171 686 Hispanias
185 624 253 670 curn
267 610 459 686 praetoribus
475 611 565 672 novis
582 619 735 687 pormtum
750 621 808 674 est.

8 689 9 694 ’
99 694 164 754 lllX.
185 695 299 755 Eodem
314 710 404 767 anno,
421 695 492 770 quia
507 711 563 770 per
577 696 818 771 recognitionem
834 696 981 758 Postumii

8 773 10 830 l
43 777 144 838 consulis
163 793 269 852 magna
292 795 363 854 pars
385 778 450 853 agri
474 776 633 855 Campani,
667 795 757 856 quem
779 781 892 856 privati
914 780 982 841 siae

41 861 177 920 discrimine
197 862 312 936 passim
334 863 554 937 possederant,
576 871 758 939 recuperata
779 864 810 924 in
827 863 981 939 publicum

41 951 89 1017 orat,
104 943 138 1002 ld.
150 945 307 1006 Lucretius
323 946 462 1006 tribunus
478 945 577 1020 plebis
593 949 808 1023 promulgavit,
827 955 861 1010 ut
874 964 982 1026 agrum

8 1059 9 1062 =
39 1025 187 1102 campanum
203 1044 350 1090 censores
367 1030 529 1090 fruendum
544 1030 689 1105 locarent,
706 1031 790 1105 quod
810 1032 923 1093 iactum
938 1039 981 1092 tot

8 1105 10 1200 l
39 1109 100 1170 anais
113 1121 176 1186 post
189 1119 310 1188 captam
326 1112 538 1188 Capuamnon
554 1113 661 1189 luerat,
682 1122 716 1175 ut
729 1115 760 1174 in
775 1129 874 1175 vacuo
890 1129 982 1190 vago·

8 1205 10 1274 l
37 1198 96 1252 retur
106 1195 249 1271 cupiditas
264 1197 462 1272 privatorum.

97 1279 159 1338 cum
180 1278 211 1339 in
231 1282 465 1355 exspectatione
486 1288 612 1341 senatus
634 1287 719 1340 esset
738 1278 819 1340 bello
841 1281 900 1341 etsi
920 1296 981 1342 non

8 1355 11 1418 l
37 1358 128 1437 indicto,
147 1370 243 1424 tamen
259 1364 319 1424 iam
334 1365 474 1435 decreto,
499 1365 552 1439 qui
568 1379 675 1439 regum
689 1379 788 1439 suam,
808 1365 914 1425 Persei
930 1362 984 1440 qui

8 1421 11 1470 ¹
37 1447 138 1507 secuturi
148 1447 308 1508 amicitiam
320 1455 436 1522 esseut,
451 1448 543 1523 legati
553 1446 732 1521 Ariarathis,
748 1463 876 1522 puerum
889 1448 983 1508 lilium

35 1529 94 1601 rogis
105 1544 208 1594 sectam.
215 1531 416 1604 adducentes,
439 1532 568 1593 Romam
581 1538 747 1601 venatuum
770 1549 901 1607 quorum
915 1547 983 1592 orav-

36 1609 64 1668 tio
75 1613 125 1685 luit
145 1630 246 1690 regem
261 1615 456 1676 educendum
470 1614 566 1677 lilium
580 1616 708 1676 Romam
722 1615 855 1689 misisse,
875 1623 909 1677 ut
922 1617 984 1674 iam

36 1690 86 1755 iude
95 1711 110 1756 a
120 1712 209 1772 puero
222 1698 426 1761 adsuesceret
436 1699 572 1760 moribus
579 1697 727 1759 Romanis
733 1698 983 1774 hominibusque.

36 1785 258 1854 percantando
280 1799 342 1844 non
363 1783 422 1845 sub
442 1783 599 1858 hospitum
619 1781 712 1843 modo
728 1783 917 1857 privatorum
932 1797 983 1841 cu-

8 1869 11 1982 p
35 1863 121 1938 sudu,
140 1867 193 1926 scd
215 1866 359 1942 publicae
381 1867 471 1936 etlam
490 1880 583 1926 curae
597 1880 634 1924 ae
648 1867 732 1925 velut
745 1865 858 1925 tutelae
872 1865 986 1944 pellent

34 1957 93 2006 csse.
116 1951 242 2025 caragis
260 1949 372 2026 legatio
388 1957 475 2026 grata
490 1949 609 2011 senatui
624 1949 696 2017 luit;
719 1949 930 2021 decreverunt,
951 1955 985 2008 ut

35 2026 71 2086 dn.
87 2029 206 2095 Sicinius
228 2041 354 2110 praetor
373 2034 469 2094 aedes
488 2034 653 2094 instructas
675 2033 806 2106 locaret,
828 2032 881 2092 ubi
902 2031 984 2092 filius

35 2112 92 2186 rogis
105 2118 290 2194 comitasque
305 2119 373 2178 eius
386 2117 524 2178 habitare
538 2125 677 2194 possent.
701 2123 732 2176 et
741 2116 890 2176 Thracum
902 2117 983 2191 lega-

8 2235 10 2280 ἱ
36 2192 151 2274 tis**que
161 2199 226 2262 et**
241 2202 422 2264 societatom
434 2199 659 2276 amicitiamque
669 2200 845 2277 petentibus
857 2208 888 2263 et
899 2199 984 2276 quod

8 2307 11 2384 p
35 2281 146 2349 petebant
159 2285 264 2346 datum
280 2292 341 2359 est,
364 2292 393 2344 et
412 2301 538 2345 munera
557 2284 662 2345 binum
677 2285 791 2345 milium
805 2285 886 2346 aeris
902 2300 984 2344 sum-

8 2389 11 2460 ι
36 2365 115 2426 oasin
126 2369 265 2445 singulos
278 2369 382 2428 missa.
400 2369 576 2445 hosutique
587 2371 732 2445 populos,
749 2369 835 2443 quod
847 2369 886 2428 ab
898 2375 983 2442 lengo

35 2441 199 2513 Macedoniae
213 2452 345 2514 Thracia
358 2457 451 2526 esset,
476 2452 656 2528 adsumptos
671 2451 703 2512 iu
718 2452 896 2512 societatem
911 2466 985 2526 gau·

35 2525 127 2594 debant.
146 2538 202 2596 sed
216 2544 252 2597 ut
265 2537 296 2595 in
311 2537 387 2597 Asia
403 2551 528 2611 quoque
544 2544 573 2596 et
588 2537 696 2596 insulis
711 2536 871 2610 explorata
882 2533 985 2592 omnia

34 2623 125 2693 essent,
145 2619 186 2680 Ti.
203 2619 364 2682 Claudium
384 2620 536 2680 Neronem
556 2619 596 2677 Μ.
611 2618 780 2679 Decimium
797 2618 914 2692 legatos
930 2615 983 2674 ml-

35 2707 123 2762 seruat.
142 2705 228 2764 adire
243 2720 300 2765 eos
315 2704 434 2765 Cretam
449 2712 480 2764 et
493 2701 636 2763 Rhodum
652 2702 817 2774 iusserunt,
833 2698 923 2760 simul
937 2714 984 2759 re·

35 2793 121 2845 rorare
135 2788 313 2861 amicitiam,
335 2785 426 2848 simul
440 2785 610 2863 speculari,
635 2801 708 2845 num
725 2782 878 2845 sollicitati
894 2784 992 2844 animi·

8 2937 10 2960 ,
34 2867 161 2932 sociorum
175 2872 214 2932 ab
228 2886 303 2946 rege
317 2870 430 2932 Perseo
446 2877 560 2932 essent.

8 2961 10 3018 ἵ
94 2953 151 3014 XX.
179 2957 213 3014 ln
242 2969 397 3030 suspensa
424 2953 545 3015 civitate
566 2954 607 3015 ad
628 2953 892 3029 exspectationem
913 2952 986 3014 novi

8 3049 10 3100 ι
36 3026 99 3107 belli,
117 3045 264 3100 nocturna
284 3044 466 3114 tempestate
488 3039 630 3098 columna
644 3045 774 3100 rostrata
790 3038 820 3096 in
836 3037 984 3112 Capitolio

8 3109 10 3140 l
36 3107 93 3178 bello
110 3119 220 3183 Punico
242 3119 276 3158 **
292 3123 445 3196 consulis,
471 3122 520 3182 cui
542 3122 662 3196 collega
682 3121 747 3181 Ser.
769 3122 896 3182 Fulvius
920 3120 985 3193 luit,

35 3200 79 3270 tou
95 3204 129 3262 ad
147 3205 240 3266 imum
261 3206 386 3267 fulmine
407 3207 551 3266 discussa
566 3213 621 3266 est.
650 3221 688 3266 ea
701 3221 752 3265 res
769 3205 899 3280 prodigii
914 3206 986 3264 loco

8 3303 10 3402 p
35 3275 112 3344 habita
125 3289 162 3348 ad
177 3298 315 3350 senatum
330 3291 425 3386 relata
439 3297 501 3350 est:
522 3295 626 3386 patres
641 3297 671 3349 et
685 3290 725 3349 ad
739 3288 924 3382 haruspices
938 3301 987 3345 re-

8 3405 10 3434 l
36 3360 94 3426 terro
112 3380 139 3432 ot
158 3373 351 3436 decemviros
367 3372 452 3433 adire
466 3374 561 3434 libros
576 3380 740 3434 iusserunt.
756 3373 925 3441 ¹decemuiri
940 3367 986 3427 lu·

36 3451 332 3601 strssnfflglffgdplrm
349 3457 602 3532 supplicationem
614 3457 919 3594 obsecrapigouemque
931 3449 986 3508 ha-
