2328 3870
167 187 281 250 LIBER
294 191 352 252 XL.
375 190 457 250 CAP.
468 199 512 256 29.
524 200 568 256 30.
578 200 623 256 31.
646 201 683 270 [ι.
696 201 730 256 C.
742 203 803 272 181]
933 197 975 262 79

30 345 100 408 libras
118 361 169 406 eos
183 344 243 420 tegi
259 344 439 422 servarique
453 363 514 406 non
530 355 683 422 oportere.
716 355 842 412 senatus
857 355 978 414 censuit

32 430 84 492 sais
97 429 261 490 nabendum
287 429 370 504 quod
389 437 514 504 praetor
534 430 746 494 iusiurandum
765 431 975 508 pollicereturc

28 513 97 574 tibros
108 514 200 588 primu
217 528 343 588 quoque
357 521 495 589 tempore
509 513 539 576 in
556 515 678 576 comitio
693 516 876 578 cremandos
888 533 976 590 esses

27 597 128 672 pretium
138 612 196 672 pro
210 596 309 670 libris,
326 604 473 672 quantum
485 598 519 671 Q.
529 596 646 659 Petiitic
660 600 796 674 praetori
807 600 977 678 maiorique

26 682 82 754 parti
100 681 284 742 tribunorum
306 680 405 756 piebis
426 681 594 756 videretur,
617 681 740 744 domino
762 699 834 746 csse
853 685 976 746 solven-

26 763 86 822 dum.
108 763 136 826 id
149 764 250 824 sariba
272 781 334 825 non
348 765 478 840 accepit
507 762 621 826 libriin
636 765 758 829 comitio
772 767 844 844 igne
857 785 877 828 a
892 768 975 828 victi·

26 846 104 908 mariis
119 849 194 910 tocco
208 849 241 908 in
259 855 430 923 conspectu
443 848 551 924 papuli
567 847 692 910 cremati
705 859 786 914 sunt

85 930 166 994 XXX.
185 931 332 1007 Magnum
351 931 466 994 bellurn
487 948 525 992 ea
538 940 656 996 aestate
667 941 809 996 coenum
821 934 852 996 in
865 934 975 1012 Hispa-

25 1013 61 1074 nia
71 1013 205 1076 citeriore.
226 1015 269 1076 cd
279 1015 420 1092 quiaque
429 1023 462 1076 et
475 1015 598 1092 triginta
607 1015 689 1078 milia
698 1015 865 1092 hominurn,
881 1035 975 1096 quan·

24 1103 68 1156 tom
82 1114 238 1174 numquam
259 1100 480 1174 conmeantes,
501 1098 641 1162 Celtiberi
659 1109 921 1178 comparaverant
942 1101 973 1176 Q.

24 1178 120 1244 Fulvius
129 1181 258 1246 Flaccus
272 1199 340 1244 eam
352 1182 509 1246 obtinebat
519 1183 721 1259 provinciam.
736 1181 847 1259 'asquia
859 1199 978 1244 armare

25 1263 176 1327 iuventutem
193 1266 364 1330 celtiberos
385 1265 540 1342 audierat,
562 1273 593 1326 et
612 1267 681 1344 ipse
697 1274 812 1344 quanta
824 1273 977 1343 poternta

25 1346 93 1409 sociis
102 1350 211 1412 auxilia
220 1357 428 1426 contraxerat,
440 1351 497 1413 sed
508 1365 703 1426 nequaquam
715 1367 841 1414 numero
853 1350 975 1413 militum

25 1428 115 1492 bostem
133 1435 297 1510 aequabat.
326 1433 477 1512 principio
497 1432 580 1495 veris
602 1435 769 1496 exercitum
788 1434 818 1496 in
835 1435 972 1512 Carpeta-

26 1513 83 1574 niam
99 1517 192 1592 duxit,
214 1527 246 1580 et
261 1525 363 1578 castra
378 1515 490 1580 locavit
504 1519 543 1580 ad
558 1518 708 1596 oppidum
717 1519 891 1595 Aeburam,
912 1536 977 1580 mo·

28 1595 75 1658 dico
90 1601 239 1676 praesidio
264 1601 295 1662 in
316 1602 394 1662 urbe
414 1602 527 1677 posito.
549 1601 657 1680 paucis
677 1611 751 1679 post
765 1601 874 1664 diebus
890 1601 977 1664 celti-

27 1677 149 1745 berimilia
159 1686 220 1748 duo
235 1686 333 1746 terme
343 1685 415 1758 inde
425 1685 484 1748 sub
495 1686 574 1746 colle
584 1693 755 1762 posuerunt
765 1694 877 1748 castra.
897 1701 978 1760 quos

27 1761 63 1824 ubi
78 1767 176 1830 adesse
197 1776 326 1846 praetor
339 1769 497 1836 Romanus
513 1772 625 1843 sensit,
645 1767 686 1828 Μ.
701 1767 839 1830 Fulvium
856 1771 978 1846 iretrem

29 1861 76 1908 tum
91 1851 202 1914 duabus
222 1853 332 1917 turmis
355 1853 511 1916 socierum
526 1853 661 1928 equitum
676 1852 717 1913 ad
730 1859 832 1914 castra
844 1849 978 1911 hostium

28 1934 182 2003 amnacm
202 1937 303 2013 misit,
331 1954 422 2013 quarm
448 1936 589 2012 proxime
613 1935 783 1997 succedere
802 1934 844 1996 ad
867 1935 978 1994 vellum

28 2011 123 2093 iussum,
136 2029 167 2082 ut
179 2022 306 2094 viseret,
323 2028 438 2098 quanta
450 2028 571 2092 essent,
593 2033 699 2095 pugne
712 2017 888 2094 abstineret,
902 2016 979 2078 reci-

28 2107 145 2176 raroque
162 2121 251 2181 sese,
274 2103 449 2166 sihostinm
469 2102 636 2182 equitatum
657 2109 820 2164 exeuntem
840 2101 978 2164 vidisset.

29 2177 297 2266 butpraereptum
317 2197 384 2250 erat
403 2188 483 2250 fecit.
515 2203 572 2264 per
592 2187 659 2248 dies
680 2185 798 2264 aliquot
811 2185 885 2248 nihil
899 2185 978 2247 ulma

29 2271 119 2344 uatum,
131 2287 220 2348 quarn
233 2280 269 2334 ut
278 2272 338 2334 bae
349 2272 429 2333 duae
439 2279 556 2334 turmae
568 2271 810 2343 ostenderentur,
823 2270 893 2332 dein
905 2269 978 2331 sub·

30 2342 184 2432 beaterum,
197 2357 254 2419 ubi
268 2355 420 2434 equitatus
434 2355 568 2418 hostium
580 2355 690 2418 castris
701 2354 977 2431 procucurrissent.

30 2439 151 2501 itabemc
171 2439 329 2514 Celtiberi,
353 2433 499 2502 omnibus
516 2439 604 2501 simul
623 2439 760 2516 peditum
781 2438 979 2514 equitumque

30 2517 100 2606 capiis
121 2526 228 2586 matris
255 2523 389 2600 egressi,
417 2525 483 2586 acie
503 2524 620 2585 directa
640 2522 742 2584 medic
762 2523 858 2584 terme
878 2517 979 2596 spatio

32 2605 86 2660 tuter
96 2601 160 2670 bina
173 2616 278 2672 castra
293 2607 501 2670 constiterunt.
530 2623 658 2684 campus
673 2613 740 2667 erat
753 2605 865 2680 planus
880 2600 979 2664 omnis

32 2686 132 2760 tantus
151 2708 285 2769 pugnae.
312 2692 354 2753 ibi
369 2699 481 2754 stetere
494 2691 624 2766 Hispani
637 2687 738 2752 bostis
752 2691 979 2763 exspectantes.

32 2761 153 2858 burnus
161 2777 244 2839 intra
255 2777 366 2838 vallum
378 2792 453 2860 suos
466 2775 613 2838 continuit
623 2789 679 2851 per
692 2769 896 2850 quadriduum
908 2786 979 2832 con·

33 2851 125 2930 tuttuta,
139 2867 169 2920 et
178 2861 225 2924 itti
235 2861 347 2923 eodem
360 2862 430 2922 loco
442 2860 539 2926 aciem
553 2860 733 2921 instructam
747 2862 917 2918 tenuerunt.
941 2855 980 2915 ab

34 2927 144 3004 Romanis
163 2943 237 3008 nibil
258 2952 382 3006 motum.
411 2944 483 3006 inde
502 2944 647 3021 quievere
660 2942 692 3002 in
707 2940 815 3004 caseis
830 2937 981 3015 Celtiberi,

36 3015 85 3086 tuit
99 3039 213 3102 pugnae
235 3028 328 3104 copie
344 3043 407 3090 non
428 3027 535 3088 fiebat:
558 3026 677 3104 equites
698 3033 813 3088 tantum
830 3025 861 3086 in
876 3022 979 3085 statio·

36 3111 82 3161 itm
91 3111 325 3188 egrediebantur,
340 3119 376 3174 ut
388 3109 486 3188 parati
501 3119 614 3185 essent,
631 3110 657 3172 si
673 3109 747 3186 quid
762 3110 800 3172 ab
815 3109 905 3170 hoste
916 3125 979 3169 mo-

38 3193 134 3250 veretur.
153 3211 232 3270 pone
247 3203 351 3258 castra
361 3195 483 3272 utrique
497 3193 675 3270 pabulatum
687 3199 718 3254 et
731 3195 875 3268 lignatum
886 3191 980 3264 ibant,

37 3272 105 3332 tauri
123 3277 229 3340 alteros
250 3279 463 3356 impedientes.
491 3277 596 3340 XXXI.
618 3283 742 3353 praetor
755 3277 912 3340 Romanus
928 3275 980 3334 ubi

40 3350 90 3445 biis
100 3363 139 3420 tat
151 3362 263 3426 dierum
277 3363 380 3439 quiete
394 3363 526 3424 credidit
539 3377 627 3437 spem
643 3361 753 3422 tactam
765 3359 848 3422 hosti
858 3355 933 3418 nihil
944 3370 980 3451 se

41 3442 138 3502 tuorem
151 3455 313 3522 moturum,
329 3447 362 3506 L.
379 3446 510 3509 Acilium
527 3461 596 3508 cum
610 3446 658 3507 cta
673 3448 842 3532 sinistraet
854 3456 911 3501 sex
924 3454 979 3498 mr·

17 3563 19 3662 t

18 3719 25 3851 't
