2364 3862
172 211 236 274 ate
335 211 566 272 amraxuv.
590 211 674 270 cnr.
689 219 771 272 aio.
794 217 831 284 a.
845 215 876 267 n.
891 215 988 282 aas]

175 381 254 424 mam
269 363 451 424 testudinem
466 378 522 437 per
536 363 665 422 densata
680 369 767 421 scuta
782 377 850 420 cum
865 360 1051 434 evasissent,
1073 375 1151 420 nunc

175 450 257 507 velut
271 453 501 522 propugnantes
516 460 572 519 per
585 460 656 505 oras
670 451 824 504 extremae
839 442 1009 514 testudinis,
1025 459 1109 503 nunc
1124 444 1151 504 iu

173 531 274 591 media
289 531 366 591 inter
379 545 414 589 se
428 536 655 601 concurrentes
671 528 753 587 haud
768 544 859 587 secus
871 543 963 603 quam
974 527 1077 586 stabili
1084 529 1150 588 solo

176 612 393 678 persultabant
422 612 492 673 huic
507 612 650 673 testudini
668 611 818 671 simillima
835 612 912 686 parti
933 611 1008 670 muri
1030 610 1151 670 admota

174 713 243 757 cum
257 696 364 756 armati
378 703 588 772 superstantes
604 696 769 768 subissent,
783 694 1060 770 propugnatoribus
1074 693 1150 754 muri

173 780 294 854 lastigie
310 779 474 840 altitudinis
486 781 710 855 aequabantur;
726 779 927 854 depulsisque
941 779 978 837 iis
994 778 1023 836 in
1048 779 1148 840 urbem

174 865 302 923 duorum
314 863 469 937 signorum
484 863 594 924 milites
609 864 869 923 transcenderunt
890 863 923 921 id
933 868 1049 921 tantum
1060 863 1147 921 dissi·

174 946 244 1006 mile
260 946 322 1019 luit,
344 947 428 1022 quod
444 954 475 1006 et
494 947 523 1005 in
539 949 638 1007 lronte
658 955 794 1008 extrema
815 953 845 1006 et
865 961 905 1005 ex
925 945 1071 1006 lateribus
1094 945 1147 1007 seli

173 1045 235 1090 non
250 1029 404 1090 habebant
418 1046 513 1105 super
524 1031 625 1106 capita
639 1032 718 1091 elata
734 1038 837 1106 scuta,
857 1045 895 1089 ne
916 1030 1068 1089 nudarent
1085 1045 1148 1089 eor·

173 1129 257 1189 pora,
275 1114 331 1174 sed
351 1121 507 1189 praetenta
521 1113 719 1190 pugnantium
734 1130 828 1174 more.
863 1113 904 1174 ita
918 1129 976 1172 nee
989 1113 1078 1187 ipsos
1093 1114 1147 1172 tela

173 1213 212 1256 ex
234 1213 320 1257 muro
344 1199 440 1258 missa
460 1198 626 1258 subeuntes
648 1198 817 1271 laeserunt,
838 1205 870 1274 et
882 1197 1027 1257 testudini
1042 1196 1146 1257 iniecta

173 1281 277 1341 imbris
300 1282 330 1340 in
352 1283 476 1342 modum
496 1281 613 1343 lubrico
633 1281 753 1355 lastigie
773 1282 898 1341 innoxia
911 1279 1055 1340 adimunt
1069 1279 1146 1340 labe

173 1364 290 1424 bantur.
316 1371 347 1424 et
361 1367 470 1426 consul
485 1374 574 1441 capto
589 1367 649 1425 iam
659 1365 808 1425 Heracleo
824 1372 925 1425 castra
936 1379 974 1424 eo
989 1364 1147 1438 promovit,

172 1455 325 1523 tamquam
336 1448 424 1508 Dium
440 1457 532 1524 atque
543 1449 614 1508 inde
626 1456 777 1510 summoto
789 1463 862 1523 rege
876 1448 906 1508 in
917 1448 1047 1507 Pieriam
1062 1447 1148 1508 etiam

172 1546 405 1605 progressmus.
435 1533 492 1592 sed
503 1531 629 1591 hiberna
643 1533 702 1592 iam
717 1549 905 1608 praeparans
920 1531 986 1592 vias
1000 1546 1147 1591 commea-

172 1614 252 1674 tibus
268 1614 476 1675 subvehendis
491 1631 531 1674 ex
545 1615 703 1676 Thessalia
717 1616 825 1676 niuniri
840 1616 931 1688 iubet,
951 1624 981 1677 et
996 1615 1068 1689 eligi
1082 1614 1148 1676 bor·

171 1697 233 1756 reis
256 1705 431 1772 opportuna
456 1701 539 1773 loca,
564 1706 704 1774 tectaque
725 1699 896 1774 aedificari,
921 1699 973 1759 ubi
994 1698 1147 1758 deversari

174 1788 331 1857 portantes
345 1789 532 1843 commeatus
548 1790 687 1858 possent.

218 1905 220 1909 -
255 1865 293 1925 X.
313 1864 444 1926 Perseus
459 1867 581 1926 tandem
596 1883 613 1924 e
628 1881 744 1940 pavore
764 1882 801 1926 eo
817 1881 878 1942 quo
894 1866 1040 1926 attonitus
1056 1867 1146 1925 luerat

175 1955 296 2023 recepto
309 1949 410 2011 animo
422 1952 511 2010 malle
522 1950 657 2025 imperiis
668 1950 733 2010 suis
744 1966 805 2011 non
818 1951 1059 2024 obtemperatum
1071 1963 1145 2021 csse7

175 2047 241 2091 cum
259 2032 415 2106 trepidans
428 2049 535 2106 gazam
557 2033 585 2093 in
601 2048 684 2093 mare
699 2033 778 2093 deici
791 2033 901 2107 Pellae,
914 2031 1146 2092 Thessalonicae

174 2114 292 2173 navalia
306 2115 437 2174 iusserat
452 2117 581 2175 incendi.
607 2117 803 2177 Andronicus
813 2116 1065 2176 Thessalonicam
1080 2115 1145 2174 mis·

176 2212 227 2255 sus
244 2202 375 2256 traxerat
388 2205 519 2271 tempus,
534 2199 564 2256 id
580 2199 682 2273 ipsum
703 2201 788 2273 quod
802 2199 926 2272 accidit,
950 2196 1146 2274 paenitentiae

172 2278 348 2353 relinquens
363 2279 473 2340 locum.
501 2280 651 2343 incautior
665 2282 766 2342 Nicias
786 2283 887 2342 Pellae
903 2282 1085 2358 proiciendo
1100 2295 1145 2356 pe·

173 2363 281 2420 cuniae
296 2369 422 2436 panem,
439 2364 523 2438 quod
539 2365 637 2425 luerat
650 2363 711 2421 ”a
740 2367 794 2434 sed
813 2367 844 2425 in
859 2381 993 2426 errorem
1009 2365 1145 2425 emenda·

174 2445 263 2504 bilem
279 2444 364 2506 visus
378 2448 486 2522 lapsus
500 2463 582 2521 esse,
598 2449 681 2524 quod
698 2465 753 2524 per
767 2449 939 2509 urinatores
955 2465 1047 2510 omne
1058 2450 1145 2508 lermc

172 2535 339 2590 extractum
355 2537 411 2590 est.
440 2538 603 2607 tantusque
624 2532 725 2607 pudor
738 2533 801 2607 regi
819 2533 944 2608 pavoris
960 2534 1028 2594 eius
1043 2533 1103 2605 luit,
1118 2537 1145 2590 ut

172 2613 342 2674 urinatores
354 2615 432 2674 clam
443 2615 571 2676 interlici
582 2616 713 2690 iusserit,
730 2616 841 2676 deinde
853 2616 1065 2678 Andronicum
1076 2630 1145 2690 quo·

173 2713 233 2770 que
248 2704 278 2757 et
292 2697 406 2771 Nician,
422 2715 460 2758 ne
476 2700 544 2774 quis
561 2706 621 2759 tam
633 2699 781 2760 dementis
802 2700 920 2775 imperii
939 2699 1084 2760 conscius
1097 2713 1141 2756 ex·

171 2781 300 2839 sisteret.
328 2780 405 2840 inter
424 2781 500 2841 haec
523 2782 553 2842 C.
574 2782 707 2842 Marcius
728 2799 797 2843 cum
818 2785 920 2844 classe
941 2784 980 2844 ab
1002 2780 1142 2843 Heracleo

170 2860 419 2923 Thessalonicam
434 2866 590 2941 proiectus
611 2872 640 2924 et
661 2883 766 2940 agrum
788 2865 928 2941 pluribus
943 2865 1033 2938 locis,
1055 2877 1142 2938 expo·

171 2943 237 3001 sitis
252 2961 309 3018 per
321 2945 421 3006 littora
434 2949 572 3021 armatis,
594 2949 653 3009 late
668 2950 814 3023 vastavit,
835 2957 865 3009 et
881 2956 1094 3025 procurrentes
1107 2945 1141 3004 ab

172 3025 246 3084 urbe
262 3029 406 3088 secundis
421 3032 537 3105 aliquot
551 3032 676 3106 proeliis
688 3033 824 3107 trepidos
837 3033 916 3094 intra
930 3033 1054 3094 moenia
1068 3044 1140 3090 com-

173 3109 256 3182 pulit.
295 3111 417 3185 iamque
444 3113 503 3187 ipsi
529 3114 597 3174 urbi
625 3117 766 3175 terribilis
792 3123 870 3192 erat,
897 3132 965 3175 cum
990 3110 1141 3189 dispositis

172 3191 271 3252 omnis
295 3194 417 3267 generis
443 3197 598 3256 tormentis
623 3213 684 3257 non
711 3199 780 3272 vagi
805 3199 897 3259 modo
928 3199 1012 3259 circa
1035 3208 1139 3265 muros,

172 3283 284 3334 temere
299 3278 597 3353 appropinquantes,
619 3281 675 3340 sed
691 3282 780 3341 etiarn
796 3283 847 3356 qui
862 3282 892 3342 in
907 3281 1040 3342 navibus
1055 3282 1139 3346 erant,

170 3357 255 3416 saxis
287 3366 436 3420 tormento
469 3360 668 3422 emicantibus
699 3365 955 3438 percutiebantur.
997 3359 1138 3425 revocatis

171 3437 260 3509 igitur
280 3441 309 3499 ln
332 3457 425 3501 naves
447 3443 603 3515 militibus,
633 3447 810 3522 omissaque
834 3448 1071 3508 Thessalonicae
1089 3458 1138 3517 op·
