2424 3872
228 203 339 265 LIBER
353 205 414 264 xit.
436 203 519 264 cre.
535 213 638 269 aaa
661 213 816 282 [r.c.1sr]
965 207 1008 274 57

33 377 34 382 ’
75 353 118 430 luit
129 370 228 430 corpus
243 352 332 415 nobis
353 354 553 416 reddiderunt
566 356 713 430 Romani,
734 357 867 417 animum
881 357 942 434 ipsi
957 359 1010 420 ha·

75 438 128 498 tent
156 433 279 498 omnium
300 453 399 513 paene
419 438 623 498 Macedonum
644 440 674 498 in
695 455 764 501 eum
785 455 840 500 ora
858 455 1013 505 converso

71 527 126 594 sunt
138 537 186 580 nec
198 533 299 595 regem
314 535 349 581 se
364 520 456 581 alium
467 522 550 582 aiunt
561 521 720 586 habituros
732 537 804 584 esse
817 539 909 600 quam
922 541 1013 601 quem

33 659 34 680 ἶ
69 603 165 666 tomani
178 604 361 665 dedisceret
384 604 433 665 his
449 619 506 681 per
520 621 556 666 se
571 619 664 682 aegra
677 621 764 668 mens
780 609 865 669 senis
877 605 1014 670 stirnrrla·

68 686 138 761 batur,
152 693 178 748 et
188 688 285 747 animo
300 688 398 764 magis
414 701 506 766 quam
519 690 605 751 vultu
618 706 656 751 ca
671 691 797 751 crimina
811 691 993 768 accipiebat.

127 771 169 828 vi.
188 771 275 832 Forte
286 772 435 832 lustrandi
447 775 599 834 exercitus
612 775 835 852 venittempus,
851 775 939 836 ouius
951 779 1013 840 sol·

66 853 140 912 laune
157 861 199 916 est
216 855 293 915 tales
324 863 416 930 caput
431 856 550 916 mediae
565 859 652 918 canis
665 860 827 934 praecisae
840 867 871 921 et
883 873 958 936 pars
972 859 1014 921 ad

67 934 183 1010 dextram,
210 953 279 1000 cum
304 939 384 999 extis
410 940 563 1015 posterior
587 941 627 1001 ad
646 943 764 1002 laevam
785 942 853 1004 vtae
873 942 1012 1019 punitura

65 1019 122 1079 iuter
137 1019 206 1082 banc
226 1021 358 1083 divisam
378 1022 509 1084 hostiam
532 1025 641 1100 copiae
654 1033 789 1086 armatae
803 1026 1013 1089 traducuntur.

65 1103 241 1176 praeiemntur
259 1105 360 1182 primo
382 1105 494 1180 agrninl
515 1121 599 1167 arma
619 1108 752 1183 insignia
766 1109 900 1172 omnium
914 1111 953 1170 ab
966 1113 1010 1170 ula

65 1185 117 1244 rina
126 1187 230 1263 origine
240 1189 441 1250 Macedoniae
451 1201 568 1264 regum,
584 1191 696 1251 deinde
709 1205 766 1252 rex
777 1192 846 1268 ipse
858 1207 928 1253 cunr
939 1193 1013 1252 libe·

33 1289 34 1292 ¹
66 1269 94 1327 n's
109 1273 247 1346 sequitur,
269 1273 412 1348 proxima
432 1279 481 1333 est
492 1272 579 1347 regia
593 1274 708 1335 cohors
722 1274 932 1351 custodesque
946 1289 1009 1336 cor·

65 1350 139 1425 poris,
160 1362 349 1429 postremum
374 1371 483 1431 agmen
505 1355 708 1419 Macedonum
730 1364 832 1419 cetera
852 1357 1013 1420 mirititudo

65 1433 156 1497 claudit.
180 1439 275 1499 latera
295 1439 378 1514 regis
393 1440 455 1499 duo
470 1439 523 1499 tilii
538 1441 666 1502 iuvenes
682 1441 859 1518 cingebant,
879 1442 1012 1504 Perseus

65 1515 105 1576 iau
116 1519 290 1583 tricesimum
306 1537 418 1582 annum
431 1537 536 1598 agens,
551 1525 723 1586 Demetrius
736 1523 945 1602 quinquennio
957 1527 1012 1585 mi·
1120 1541 1122 1546 ’

66 1615 110 1673 nar,
121 1603 210 1666 medio
224 1606 370 1668 iuventae
383 1606 496 1668 robore
510 1608 570 1683 ille,
584 1609 634 1669 hie
649 1607 741 1681 flore,
758 1611 901 1672 fortunati
916 1609 1013 1686 patris

64 1689 150 1746 natura
163 1689 298 1765 suboles,
314 1690 341 1749 si
355 1703 442 1750 mens
457 1705 534 1751 sana
548 1699 639 1752 esset.
662 1706 730 1753 mos
745 1699 811 1753 erat
824 1691 1013 1753 lustrationis

65 1780 128 1826 sacro
149 1780 270 1845 peracto
293 1771 458 1833 decurrere
478 1775 659 1847 exercitum,
687 1782 717 1835 et
737 1774 854 1835 divisas
874 1774 1014 1835 bilariam

65 1847 119 1910 duas
136 1855 211 1916 acies
234 1869 422 1917 concurrere
442 1857 483 1916 ad
503 1855 699 1917 simulacrum
717 1871 849 1932 pugnae.
878 1856 954 1930 regii
968 1856 1013 1915 iu-

63 1937 280 2001 penetrasset
295 1938 412 2001 ludicro
425 1938 582 2000 certamini
594 1938 673 2000 datia
696 1945 829 2000 ceterum
840 1953 902 1999 non
912 1939 1013 2014 imago

64 2013 103 2075 luit
113 2035 235 2097 pugnae,
252 2021 312 2084 sed
326 2029 480 2099 tamquam
495 2023 535 2082 de
548 2037 646 2098 regno
660 2021 868 2098 dimicaretur,
884 2021 926 2084 ita
940 2037 1012 2083 con·

65 2108 386 2181 ornaruntmultaque
405 2107 533 2166 vulnera
553 2105 683 2168 rudibus
704 2106 797 2180 iacta,
819 2122 876 2166 nec
890 2113 1014 2182 praeter

64 2181 147 2245 terrum
160 2188 323 2266 quiequam
338 2189 434 2249 deluit
447 2191 486 2249 ad
500 2191 611 2252 iustam
625 2190 698 2250 belli
713 2189 859 2265 speciem.
881 2205 953 2266 pars
966 2204 1012 2264 ea,
1036 2227 1038 2230 -

64 2279 121 2357 quae
133 2271 184 2331 sub
198 2272 354 2335 Demetrio
369 2279 442 2345 erat,
458 2275 549 2348 ionga
563 2275 706 2350 superior
719 2273 783 2333 tuit.
804 2271 837 2334 ld
851 2287 943 2347 aegre
958 2289 1012 2348 pa·

64 2353 249 2417 tentePerseo
271 2357 378 2417 laetari
400 2357 565 2432 prudentes
586 2356 675 2418 amici
697 2357 779 2429 elus,
804 2371 935 2432 eamque
948 2370 1013 2416 rem

64 2427 136 2502 ittam
160 2439 261 2500 dicere
291 2440 496 2515 praebituram
521 2455 646 2501 causam
674 2439 854 2501 criminandi
881 2439 1012 2500 iuvenis.

63 2511 109 2574 Vll.
127 2523 294 2583 convivium
314 2539 352 2584 eo
373 2523 423 2583 die
443 2523 610 2601 sodalium,
633 2524 685 2599 qui
699 2524 790 2584 simut
806 2521 1012 2594 decurrerant,

65 2604 161 2676 titique
173 2605 293 2681 habuit,
315 2622 385 2668 cum
400 2613 528 2668 vocatus
544 2607 584 2666 ad
598 2621 706 2666 cenam
720 2607 759 2665 ab
774 2603 927 2664 Demetrio
941 2602 1012 2668 Per·

65 2692 116 2742 saus
131 2697 281 2763 negasset.
314 2691 393 2751 testo
410 2691 460 2750 die
474 2689 607 2764 benigna
622 2687 758 2748 invitatio
774 2692 809 2746 et
817 2685 952 2748 hilaritas
968 2686 1012 2747 iu·

64 2768 150 2828 venalis
169 2777 316 2849 utrosque
330 2772 361 2832 ln
376 2774 479 2834 vinum
493 2773 593 2833 traxit.
627 2769 876 2832 commemoratio
892 2769 932 2831 ibi
947 2785 1012 2831 cer-

64 2848 155 2937 uminis
174 2856 282 2918 ludicri
302 2863 333 2916 et
351 2857 459 2918 iocosa
480 2853 561 2917 dicta
579 2855 611 2916 tn
629 2851 839 2928 adversarios,
861 2854 903 2917 ita
922 2861 954 2916 ut
972 2871 1012 2915 ne

65 2931 120 3000 ipris
136 2939 253 3011 quidem
275 2939 404 3002 ducibus
426 2939 645 3013 abstineretur,
667 2939 865 3001 laetabantur.
894 2938 935 2999 ad
953 2938 1011 2999 bas

65 3015 230 3092 excipiendas
252 3037 346 3085 voces
368 3024 545 3101 speculator
565 3039 604 3083 ex
619 3023 757 3111 convivis
771 3023 876 3084 Persei
896 3024 1011 3084 missus

66 3106 114 3189 tun
129 3101 271 3168 incautior
292 3108 522 3181 obversaretur,
543 3114 693 3183 exceptus
712 3121 732 3168 a
752 3107 913 3168 iuvenibus
935 3109 1013 3169 iorte

65 3179 163 3271 inclinio
177 3192 311 3265 egressis
325 3193 404 3252 male
418 3193 576 3252 mulcatur.
598 3190 691 3252 huius
705 3191 749 3252 rei
764 3192 889 3266 ignaue
903 3189 1011 3250 Deme

65 3261 119 3356 ills
135 3273 222 3347 „quin
237 3275 437 3337 comisatum“
451 3275 549 3351 inquit
567 3274 628 3349 „ad
641 3276 765 3335 tratrem
778 3275 872 3348 imus,
894 3280 924 3333 et
937 3273 1012 3332 iram

66 3353 121 3422 erus,
134 3353 157 3413 si
170 3373 228 3430 qua
241 3373 281 3419 ax
296 3357 460 3420 cartamine
474 3358 598 3433 residet,
613 3357 805 3436 simplicitate
820 3363 850 3417 et
862 3353 1013 3414 hilaritate

66 3437 146 3495 rosim
158 3440 321 3503 lenimust“
343 3457 450 3505 omnes
466 3457 500 3503 sa
515 3443 559 3501 ire
571 3443 807 3516 conclamarunt,
822 3439 944 3514 praeter
955 3448 1010 3496 eos
