2368 3858
160 241 191 288 ιν
550 218 739 272 PRAEFATIO.

160 378 202 428 vio
220 392 236 426 a
252 374 424 442 grammaticis
442 372 586 424 tribuantur
603 386 654 422 non
672 371 762 438 putavi
774 385 831 422 esse
850 372 1005 432 omittends;
1023 373 1051 423 id
1062 381 1135 424 auten

160 446 230 510 qnod
247 461 261 496 e
276 444 357 495 Nonio
371 441 488 493 Marcello
505 447 551 502 est,
570 442 606 490 ita
623 447 662 490 est
678 447 833 505 corruptum,
851 448 879 490 ut
895 455 962 503 quae
973 441 1041 491 Livii
1057 456 1136 492 manus

161 515 237 565 merit
253 513 297 562 vix
307 513 390 577 possit
401 518 527 561 constare.
554 509 670 571 Denique
688 523 738 558 non
752 509 920 559 omittendum
933 511 1068 560 videbatur
1078 509 1136 576 irog-

160 592 274 633 meutum
286 580 503 646 septuagesimum
512 577 628 643 aiterum,
639 576 685 627 sed
697 592 756 626 oum
767 577 879 628 dubitari
887 579 982 628 scirem
989 605 1025 615 -
1034 579 1069 629 cf.
1079 580 1135 628 Anu.

160 653 280 716 Marburg
298 663 339 702 an.
351 645 429 700 1648.
448 661 475 712 p·
486 643 602 710 88⁰.-‚
621 660 681 696 unm
690 645 758 696 Livii
776 654 852 710 esset,
871 645 962 696 ultimo
978 645 1037 696 loco
1053 661 1138 714 ponen-

162 722 223 770 dum
233 720 331 784 pntnvi.
359 719 388 766 ln
397 716 572 766 columnarum
587 715 674 764 ordine
683 713 859 780 Kreyssigium
869 724 973 765 secutus
987 731 1056 778 sum,
1074 731 1138 779 quem

162 791 217 838 inre
233 789 318 852 priore
334 785 391 835 loco
408 786 527 850 posuisse
543 797 599 833 eam
617 797 684 846 quae
699 798 716 832 a
731 783 816 833 verbis
835 783 859 832 Ρ
869 783 900 846 Q.
918 783 1044 834 Lentulus
1063 785 1139 849 incipit

162 859 239 907 etium
256 855 316 904 inde
331 854 432 904 videtur
443 852 528 920 colligi
545 865 631 917 posse,
650 852 719 914 qnod
736 853 762 900 in
775 853 894 903 extremis
909 853 966 901 eius
979 854 1069 903 verbis
1083 853 1139 903 ordi·

162 939 223 974 num
242 924 373 974 dissensus
389 928 600 972 commemoratus
612 927 665 984 est,
686 921 758 970 ouius
776 927 882 972 eventus
900 921 978 985 paulo
996 929 1058 987 post
1073 937 1139 986 expo·

162 995 239 1044 nitur.
268 993 326 1041 Iure
342 991 410 1040 idem
421 990 589 1041 Marcellinus
607 989 758 1054 emendavit,
774 991 851 1039 etiem
862 988 993 1040 Huschkio
1007 991 1140 1056 probatum,

163 1070 188 1112 et
205 1063 264 1110 iilos
278 1061 415 1126 peracutis,
434 1060 478 1109 nbi
489 1059 605 1109 Pertuins
622 1058 707 1107 minus
724 1065 792 1108 recte
809 1058 867 1108 dode
880 1061 1014 1124 perpendi
1025 1067 1140 1109 suaserat

163 1129 216 1182 Sed
232 1129 330 1194 dubito,
349 1144 410 1178 num
428 1129 454 1178 in
467 1128 497 1190 Q.
513 1127 586 1177 litera
602 1125 681 1176 latest
697 1126 836 1187 dometius,
855 1141 935 1190 qnare
952 1127 1141 1178 Mommseuiun

163 1207 265 1250 secutus
295 1213 366 1256 snm;
402 1210 555 1260 quemqnam
579 1197 655 1244 etiam
675 1196 702 1244 in
725 1196 854 1246 Puteunso
883 1195 972 1246 codiee
999 1195 1074 1246 hand
1096 1211 1141 1245 roro

163 1268 239 1332 signa
251 1268 413 1318 inveniuntur
422 1267 446 1315 ei
460 1265 529 1329 quod
544 1264 572 1316 h.
582 1263 599 1315 1.
616 1265 772 1329 conspicitur
786 1263 890 1325 similis,
909 1263 942 1313 ci.
957 1264 1141 1316 Alschefsiiuu

163 1335 214 1385 vol.
231 1337 274 1389 111.
293 1349 320 1400 p.
333 1333 401 1384 xiv.
419 1341 444 1384 et
458 1337 525 1385 Anu.
544 1333 672 1396 Marbnrg.
690 1333 749 1382 anni
769 1329 832 1384 1847
850 1345 878 1398 p·
890 1331 969 1385 1001.
989 1334 1086 1384 deinde
1101 1349 1141 1383 uon

164 1403 279 1452 dubitavi
294 1417 340 1467 pro
357 1405 491 1467 ‚,actore“‚
513 1401 582 1464 quod
599 1403 625 1450 iu
638 1400 734 1452 scheda
747 1403 871 1468 scriptum
887 1409 940 1462 est,
957 1402 991 1451 de
1008 1402 1142 1468 Kreyssigii

164 1471 288 1522 sententia
308 1479 412 1520 murore
431 1470 568 1534 praeferre.
599 1469 669 1520 Idem
688 1469 843 1536 paulopost
861 1472 982 1534 „inundo
1000 1471 1142 1522 consuesce

161 1539 229 1602 W
256 1539 379 1603 scriptum
409 1537 490 1588 fuisse
515 1547 616 1598 censet,
643 1539 689 1589 ubi
713 1541 828 1589 Pertzius
852 1541 1023 1602 comportanda
1052 1541 1143 1595 suadet,

164 1607 234 1668 quod
251 1607 337 1658 nescio
354 1621 387 1656 un
405 1608 490 1671 aptius
507 1607 623 1657 videntur
640 1607 770 1658 aduenam
786 1609 954 1674 provinciam.
983 1607 1021 1658 De
1036 1609 1144 1658 ordinum

163 1673 292 1726 discordie
315 1675 480 1740 sagacissime
497 1676 616 1741 exposuit
631 1675 790 1738 Huschkius,
814 1676 861 1726 sed
877 1677 947 1740 qnod
965 1677 993 1727 in
1011 1677 1093 1728 altera
1109 1693 1144 1726 eo-

164 1744 253 1796 iumnc
275 1744 437 1796 scribendum
461 1759 517 1795 essa
537 1751 611 1810 putet
633 1745 721 1809 „fone
742 1747 856 1796 waratto
879 1745 970 1796 mnbo“
995 1747 1042 1797 vix
1060 1747 1144 1811 poterit

163 1814 276 1878 probari,
286 1827 344 1864 curu
353 1813 431 1864 huius
443 1813 578 1864 locutionis
588 1813 685 1863 nullum
698 1821 780 1864 exstet
790 1814 946 1880 exemplum,
956 1829 1042 1878 neque
1059 1815 1142 1864 umbo

163 1883 281 1933 videntur
298 1883 376 1934 adiici
393 1884 508 1947 potuisse
526 1883 560 1933 ad
577 1882 627 1933 duo
646 1881 776 1935 adverbia.
807 1883 974 1950 Kreyssigius
989 1883 1090 1934 Pertzio
1106 1883 1141 1932 ad

164 1953 276 2001 sentiens
300 1953 414 2002 emaum
431 1952 502 2002 αηιὺο
519 1951 622 2016 probat,
647 1950 694 2000 sed
717 1960 794 2017 cipue
814 1953 938 2003 omissum
958 1959 1018 2017 post
1036 1969 1063 2003 v.
1083 1951 1142 2000 araba

165 2018 266 2080 deinde,
285 2027 313 2070 ut
329 2021 368 2070 oei
384 2019 416 2069 sb
433 2019 461 2069 h.
480 2021 497 2069 l.
517 2019 630 2069 alienum
647 2027 815 2082 removeatur,
835 2021 973 2088 legendum
990 2035 1050 2072 esse
1066 2025 1142 2071 censet

164 2101 312 2150 „copnomen
329 2087 433 2137 inditam
452 2095 478 2138 et
496 2089 691 2146 condidatwn“,·
718 2096 743 2139 et
759 2089 808 2140 hoc
827 2090 931 2153 quidem
953 2104 1004 2139 non
1023 2089 1142 2154 improba·

164 2154 215 2204 bile
232 2153 347 2213 videtur,
371 2155 418 2204 sed
435 2163 509 2220 atque
528 2158 622 2208 addere
638 2159 724 2208 nescio
743 2172 776 2207 an
797 2159 921 2210 sudnoius
940 2158 974 2208 sit
992 2157 1141 2208 habendum.

163 2222 204 2270 An
219 2221 266 2270 11111
283 2221 463 2288 „Qrcintmrpue
472 2223 784 2292 Meteliwrc-copnomen
796 2227 856 2292 saut,
872 2234 956 2278 tumet
970 2221 1142 2277 camimum

164 2296 213 2341 eto.
221 2290 309 2340 -sed
318 2289 460 2342 consultius
467 2292 568 2344 videtur
578 2309 635 2344 cum
640 2295 807 2346 Mommsenio
817 2297 858 2348 uel
866 2310 978 2347 servare.
995 2294 1143 2345 Iuredeinds

163 2357 325 2424 Kreyssigius
335 2358 513 2426 fugientesque
527 2363 678 2424 emendavit,
690 2379 749 2416 oum
760 2366 876 2415 Pertaius
891 2365 1081 2430 fugientemque
1089 2362 1143 2414 scri·

163 2426 266 2490 psisset.
301 2427 357 2477 Non
376 2430 460 2480 minus
482 2430 559 2480 dubie
582 2439 640 2482 suut
663 2447 730 2495 qnae
752 2434 779 2484 in
797 2433 944 2484 membrana
964 2432 1085 2500 leguntur
1104 2431 1142 2480 do·

164 2493 254 2560 (mu)m
270 2511 294 2562 q.
309 2501 448 2560 propriore
466 2506 546 2559 ereis
557 2501 584 2552 in
600 2501 693 2564 quibus
709 2503 835 2567 Pertzins,
854 2517 914 2551 cum
937 2517 988 2566 quo
1006 2501 1143 2552 Huschkius

164 2563 233 2624 iacit,
251 2565 328 2615 latere
345 2574 418 2631 putot
436 2567 547 2629 ‚stamen
567 2571 611 2634 poi
620 2576 793 2633 propraetore
810 2567 887 2621 erat“
906 2571 1071 2638 Kreyssigius
1088 2567 1143 2630 „do

163 2647 224 2682 mum
243 2649 307 2700 puae
322 2637 430 2700 propior
447 2640 532 2686 erat‘.
550 2637 627 2688 Piaue
643 2638 740 2688 incerta
757 2647 816 2688 sunt
827 2638 918 2690 tdtime
929 2640 1017 2691 verba.
1037 2638 1142 2688 Pertaius

163 2699 292 2752 literarum
317 2705 445 2769 apicibus,
474 2705 518 2768 qni
540 2707 589 2756 soli
612 2713 725 2768 exstant,
753 2709 798 2772 „in
822 2709 1038 2774 propugnaculum
1059 2719 1141 2771 perce·

163 2769 217 2818 nir‘
241 2772 376 2837 significari
391 2781 477 2838 putat,
501 2773 579 2837 idque
599 2775 716 2840 probavit
734 2776 897 2842 Kreyssigio;
922 2775 1071 2826 Huschkius
1094 2775 1141 2840 „irs

161 2841 232 2900 penti
246 2855 331 2904 pupua
349 2843 434 2892 civium
448 2843 596 2904 perventr‘,
617 2843 664 2894 sed
679 2844 764 2894 nescio
783 2860 815 2894 sn
833 2843 883 2894 hoc
897 2859 1000 2907 quoqne
1019 2844 1141 2910 longiust

163 2903 292 2956 literarum
318 2910 431 2976 vestigiis
449 2911 560 2961 recedat.
594 2911 727 2962 Libentius
745 2913 876 2963 Huschkio
902 2913 1007 2964 credam
1024 2913 1139 2978 fragmen·

163 2980 217 3020 tum
235 2990 267 3024 ex
284 2975 349 3027 libro
368 2982 534 3048 nonagesimo
551 2988 639 3044 quarto
657 2988 797 3046 sumptum,
817 2989 841 3032 et
859 2997 925 3044 quae
940 2982 1074 3033 traduntur
1086 2993 1138 3030 au·

163 3042 388 3108 septingentesimo
412 3050 567 3115 octogesimo
589 3051 672 3115 primo
696 3057 753 3100 ectu
775 3065 840 3104 esse.
872 3049 910 3101 De
927 3050 1035 3115 reliquis
1053 3059 1140 3099 tautum

163 3109 190 3158 id
210 3111 311 3178 addam,
329 3115 355 3166 in
372 3115 514 3184 fragmento
532 3133 608 3183 nono,
627 3118 696 3182 quod
713 3132 728 3167 s
746 3116 860 3168 charisio
878 3127 1008 3170 servatum
1028 3126 1074 3178 est,
1090 3117 1139 3182 ipsu

162 3177 230 3228 Livii
248 3183 338 3243 verba,
358 3195 462 3251 propter
478 3201 542 3251 quae
560 3185 630 3237 locus
650 3195 687 3236 est
700 3185 860 3252 adscriptus,
879 3187 1043 3238 intercidisse
1059 3183 1138 3240 videri,

164 3248 195 3296 ob
215 3263 321 3314 eumque
337 3268 439 3305 causam
457 3255 596 3318 ,‚imderdes
612 3254 793 3320 sinpuiariter“
811 3257 884 3306 uncis
901 3256 1000 3306 inclusa
1013 3256 1090 3306 fuisse
1100 3251 1140 3302 ed-

164 3313 255 3367 dendu.
284 3320 311 3368 In
330 3322 361 3370 iis
379 3339 444 3384 quae
463 3339 495 3373 ex
518 3323 581 3373 libro
600 3325 766 3389 nonagesimo
790 3324 872 3388 primo
891 3333 994 3376 servata
1012 3331 1069 3374 sunt
1085 3335 1139 3370 uon-

163 3380 223 3431 dum
244 3393 312 3434 recte
333 3390 451 3453 suppleta
473 3391 574 3440 videtur
588 3390 678 3440 lacuna
695 3393 721 3441 in
740 3393 824 3442 verbis
841 3395 910 3443 ruetis
929 3402 955 3444 et
973 3401 1139 3444 tu....o...=m

163 3449 229 3510 ἰ9πί,
271 3469 328 3505 nem
368 3471 450 3518 neque
470 3473 500 3508 ea
521 3473 586 3520 quae
604 3458 667 3508 ulios
691 3469 792 3510 secutus
814 3463 900 3527 recepi
926 3469 973 3528 „ei
991 3469 1040 3512 ium
1056 3457 1140 3523 confict-
