2328 3870
183 211 243 276 128
381 209 494 272 Llltlllt
511 209 582 271 xil.
608 207 735 272 CAPSY.
759 216 794 285 [ι
806 215 842 270 U.
854 233 877 268 o.
890 214 952 283 528]

1161 287 1163 330 l

263 360 383 425 xxvii.
413 361 565 424 Censores
586 379 625 425 eo
640 378 721 425 anno
737 364 830 426 creati
846 361 879 439 Q.
895 361 1014 425 Fulvius
1026 363 1130 427 Flaccos
1162 399 1163 408 ι

63 531 67 540 ,
160 455 210 508 *ct
220 447 256 507 A.
265 445 439 508 Postumius
446 446 576 507 Albinus
588 449 725 524 legerunt
736 456 890 508 senatum:
908 448 1044 524 princeps
1055 450 1130 510 lectus

178 531 218 590 Μ.
231 531 378 592 Aemilius
390 529 525 610 Lepidus
541 531 677 606 pontifex
689 529 852 592 maximus.
876 532 915 592 de
928 541 1032 592 senatu
1041 547 1130 592 noven

180 615 344 675 eiecerunt.
377 614 514 688 insignes
531 622 623 675 notae
639 617 760 676 luerunt
773 613 813 674 M.
830 614 960 677 Cornelii
973 613 1132 690 Maluginen-

176 700 232 774 sis,
249 698 300 774 qui
314 697 436 759 biennio
451 705 521 756 ante
536 704 659 774 praetor
672 699 702 757 in
717 697 867 776 Hispania
881 699 987 772 iuerat,
1001 705 1029 758 et
1038 699 1066 758 L.
1077 698 1130 758 Cor·

177 783 249 843 nelii
265 781 417 857 Scipionis
432 782 593 856 praetoris,
610 783 698 843 cuius
716 790 778 842 tum
793 783 872 844 inter
887 783 970 842 cives
982 789 1010 843 et
1024 781 1131 858 peregri·
1161 825 1163 850 ,

177 882 235 927 nos
252 864 419 926 iurisdictio
435 872 513 939 erat,
530 870 560 926 et
574 865 626 926 Cn.
641 861 738 926 Fulvii
747 864 823 942 ,qui
837 867 931 927 irater
945 881 1092 943 germanus
1103 871 1131 938 et,

176 957 210 1010 ut
229 949 372 1010 Valerius
393 949 501 1010 Antias
530 951 635 1022 tradit,
662 965 792 1010 consors
812 950 903 1011 etiam
928 950 1059 1010 censoris
1077 954 1130 1007 erat

176 1033 322 1094 consules
333 1034 414 1094 votis
426 1033 580 1114 [etiam]1u
590 1030 738 1116 Capitolio
749 1035 973 1110 nuncupatism
986 1031 1163 1132 provincias

177 1117 307 1193 proiecti
321 1125 401 1180 sunt.
424 1118 494 1178 exin
508 1117 548 1176 Μ.
564 1109 694 1177 Aemilio
709 1125 834 1178 senatus
849 1119 1005 1194 negotium
1019 1116 1097 1188 dedit,
1108 1097 1163 1174 rt

176 1201 422 1262 Patavinorum'
415 1218 444 1262 1n
466 1199 596 1262 Venetia
622 1200 804 1262 seditionem
825 1201 1048 1278 comprimeret,
1072 1214 1131 1276 quos

172 1285 341 1346 certamino
367 1286 530 1346 lactionum
556 1284 595 1344 ad
615 1283 789 1345 intestinum
814 1285 929 1346 bellum
955 1283 1097 1346 exarsisse
1112 1287 1163 1346 et
1161 1285 1163 1368 1

178 1384 315 1442 psoram
330 1370 420 1444 legati
435 1370 604 1430 attulerant
638 1369 728 1444 legati
744 1368 840 1446 quiin
855 1369 1007 1430 Aetoliam
1021 1365 1091 1428 ad
1069 1360 1163 1428 sini

176 1452 222 1511 les
236 1457 338 1510 motus
354 1451 601 1528 comprimendos
617 1453 723 1525 ierant,
738 1451 951 1514 renuntiarunt
966 1449 1130 1513 coercerira·
1161 1449 1163 1512 l

175 1533 256 1592 hiem
270 1534 368 1609 gentis
384 1551 445 1595 non
462 1549 567 1610 posse.
587 1534 740 1598 Patavinis
754 1537 844 1596 saluti
857 1538 913 1598 luit
924 1537 1067 1596 adventus
1077 1547 1130 1592 con·

174 1615 268 1688 sulis;
284 1633 385 1693 neque
396 1619 479 1678 aliud
491 1620 576 1694 quod
587 1626 692 1696 ageret
701 1619 732 1680 in
745 1620 981 1695 provinciacunr
992 1618 1130 1683 habuisset

175 1702 303 1762 Romam
323 1703 421 1763 rediit.
454 1717 601 1763 censores
621 1701 689 1764 vias
710 1704 892 1764 sternendas
915 1704 1000 1764 silice
1019 1704 1047 1762 in
1066 1699 1130 1768 urbe,

174 1785 279 1861 glarea
299 1794 385 1847 extra
404 1787 510 1847 urbem
531 1787 754 1848 substruendas
773 1786 1051 1864 marginandasque
1064 1777 1131 1860 primi

175 1869 310 1932 omnium
326 1871 521 1943 locaverunt,
537 1878 708 1946 pontesque
722 1871 824 1931 multis
839 1871 918 1932 locis
934 1870 1095 1937 iaciendos
1111 1869 1133 1923 et

171 1969 300 2015 scenam
322 1956 472 2016 aedilibus
495 1954 750 2030 praetoribusque
764 1955 989 2030 praebendam
1011 1961 1131 2014 etcarce·

171 2053 226 2098 res
248 2039 277 2097 ia
300 2039 397 2111 circo,
423 2047 453 2098 et
468 2054 527 2099 ova
544 2037 578 2076 **
596 2039 636 2098 ad
651 2047 738 2101 notas
760 2040 920 2101 curriculis
936 2035 1092 2100 numerand
1106 2027 1131 2067 **
1160 2075 1162 2100 2

170 2122 261 2190 dam,
283 2128 313 2180 et
333 2131 430 2182 metas
451 2130 533 2182 uans
547 2121 579 2158 **
593 2129 622 2182 et
642 2137 753 2182 caveas
770 2124 869 2184 terrea
882 2122 916 2161 **
928 2123 1162 2184 intromitteren

174 2212 224 2264 tur
235 2201 269 2239 **
284 2204 419 2264 ferreis
411 2221 441 2263 m
456 2212 558 2266 monte
571 2205 692 2267 Albano
714 2207 909 2282 oonsulibus,
931 2215 962 2269 et
976 2207 1079 2267 olivum
1092 2200 1161 2262 a

175 2285 334 2363 pitolinum
355 2285 440 2348 silice
462 2289 657 2349 sternendum
679 2298 875 2365 curaverunt,
898 2299 930 2354 ct
949 2291 1090 2368 porticum
1105 2283 1132 2343 ab

168 2373 252 2432 aede
274 2369 428 2431 Saturni
421 2387 451 2432 m
474 2373 653 2449 Capitolium
674 2375 712 2435 ad
734 2375 928 2451 senaculum,
955 2392 991 2436 ac
1011 2365 1133 2448 superii

169 2455 298 2515 curiam
330 2463 360 2514 et
384 2463 471 2517 extra
497 2464 613 2533 portam
634 2457 835 2534 Trigeminam
861 2459 1029 2534 emporium
1053 2450 1134 2530 lapide

173 2547 346 2600 straverunt
361 2541 576 2618 stipitibusque
591 2550 781 2620 saepserunt,
797 2549 827 2602 el
837 2543 988 2618 porticum
997 2537 1134 2630 Aemiliam

171 2623 368 2684 reficiendam
382 2634 527 2687 curarunt
532 2628 765 2702 ,gradibusque
779 2641 944 2695 ascensum
959 2627 997 2687 ab
1011 2620 1100 2686 'liberi
1111 2617 1133 2676 in

164 2709 341 2806 emporium
358 2711 503 2773 lecerunt.
519 2716 549 2770 et
559 2719 645 2772 extra
656 2712 785 2772 eandem
796 2712 937 2787 portam
928 2730 958 2771 ιιι
970 2707 1133 2771 Aventinam

173 2791 322 2866 porticum
338 2792 423 2854 silice
438 2803 625 2866 ειιιιιιιιιιιι,
641 2803 672 2855 et
686 2811 723 2855 eo
740 2795 862 2871 publico
878 2796 916 2855 ab
932 2795 1009 2857 aede
1023 2785 1133 2853 Veneris

173 2876 316 2936 lecerunt
343 2876 434 2936 iidem
451 2876 582 2936 Calatiae
597 2885 626 2938 et
639 2878 762 2939 Auximi
777 2893 881 2940 muros
897 2877 1054 2940 iaciendos
1068 2876 1133 2933 loca·

170 2966 294 3027 verunt;
328 2958 521 3035 venditisque
545 2960 587 3020 ibi
613 2961 741 3034 publicis
768 2963 844 3023 locis
868 2964 1133 3038 pecuniamque

171 3041 296 3100 redacta
311 3049 383 3114 erat,
399 3042 534 3104 tabernis
548 3045 669 3120 utrique
684 3047 751 3107 loro
768 3047 993 3107 circumdandis
1010 3054 1133 3106 consum

170 3130 305 3198 pserunt.
330 3133 359 3185 et
374 3126 449 3187 alter
459 3143 499 3188 ex
513 3128 551 3188 iis
561 3127 687 3190 Fulvius
697 3129 827 3200 Flaccus
840 3163 881 3176 -
891 3147 960 3192 nam
975 3124 1133 3190 Postumius

169 3207 241 3268 nihil
262 3207 319 3269 nisi
335 3218 460 3272 senatus
476 3212 605 3273 Romani
620 3213 788 3290 populive
780 3207 867 3275 uissu
882 3231 917 3276 se
932 3215 1094 3275 locaturum
1105 3199 1133 3242 **

168 3290 302 3364 ipsarum
319 3295 450 3367 pecunia
464 3296 546 3356 Iovis
561 3297 669 3357 aedem
683 3297 808 3372 Pisauri,
826 3305 856 3357 et
864 3297 1035 3372 Fundis,
1023 3295 1156 3356 Poten

168 3376 225 3434 tiae
242 3375 331 3435 etiam
346 3393 458 3453 aquarn
472 3379 694 3457 adducendam,
711 3389 741 3442 et
754 3381 871 3442 Pisauri
887 3383 963 3442 mam
976 3381 1058 3441 silice
1069 3381 1156 3437 ster·
1154 3419 1156 3428 .

166 3460 307 3532 nendam,
324 3467 354 3521 et
367 3461 545 3526 Sinuessam
561 3490 631 3548 aga
642 3473 676 3512 **
688 3471 829 3550 aviariae,
846 3466 876 3525 in
887 3467 935 3526 bis
948 3473 978 3525 et
989 3467 1035 3524 clo
1047 3457 1077 3498 **
1090 3469 1133 3517 um
