2368 3858
196 199 304 260 llBER
317 200 406 260 XLV.
428 201 509 260 caP.
523 210 623 264 anan
645 211 682 278 [a.
698 211 730 264 c.
746 212 807 278 ror]
924 205 986 269 283

45 351 179 412 neritinus
202 367 322 426 quoque
343 352 587 428 opportunitates
608 351 636 414 ei
655 354 805 428 praebent
826 364 934 430 portus
948 357 987 417 ad

45 436 155 495 Toronen
170 447 205 494 ac
216 443 348 495 montem
362 435 443 498 Atho
456 467 500 482 «-
512 437 639 498 Aeneae
654 444 767 500 vocant
778 437 862 500 hunc
871 473 923 514 -,
938 441 988 502 atu

46 517 389 594 consummassem,
421 520 469 580 ulii
492 520 532 581 ad
555 520 788 595 Hellespontum
813 531 989 598 opportune

44 600 112 660 uersi.
131 601 212 662 tertia
232 604 318 678 regio
338 603 458 664 nobiles
472 604 566 666 urbes
586 603 737 666 Edessam
752 612 783 667 ct
794 605 944 668 Beroeam
958 615 990 668 et

42 683 130 744 Pellam
147 685 249 760 habet,
267 695 299 748 et
318 687 487 750 Vettiorum
508 687 686 750 bellicosam
702 697 840 763 gentem
869 689 987 752 incolas

10 813 11 818 η
43 783 141 844 quoque
158 772 323 842 permultos
343 771 449 833 Gallos
469 777 501 832 et
513 771 653 850 Illyrios,
679 773 828 848 impigros
843 775 986 836 cultores.

10 857 12 928 j,
42 859 152 925 numam
164 855 320 929 regionem
333 855 466 916 Eordaei
480 862 512 916 et
524 855 697 933 Lyncestae
712 864 743 918 et
755 856 927 932 Pelagones
941 854 987 918 in-

41 935 133 1010 colunt,
153 936 251 1000 iuncta
271 938 319 1000 lris
339 939 495 1002 Atintania
517 947 547 1000 et
566 939 756 1019 Stymphalis
777 948 808 1002 et
826 940 986 1004 Elimiotis.

10 1025 11 1032 ’
40 1017 124 1092 tngtla
143 1019 216 1082 haec
237 1021 337 1084 omnis
358 1023 498 1097 duraque
519 1024 602 1086 cultu
623 1031 653 1085 et
674 1040 788 1100 aspere
809 1027 901 1101 plaga
921 1032 986 1087 esta

39 1103 158 1166 cribrum
179 1121 306 1182 quoque
325 1106 447 1182 ingenia
461 1114 561 1168 terrea
575 1107 687 1169 similia
700 1107 801 1169 habet.
819 1108 986 1170 ferociores

38 1201 79 1246 cos
88 1193 114 1248 et
123 1191 244 1254 accolae
253 1189 377 1252 barbari
384 1191 507 1263 iaciunt,
520 1207 602 1256 nunc
611 1192 692 1253 bello
701 1199 893 1266 exercentes,
905 1208 988 1253 nunc

37 1269 133 1343 inpare
149 1273 312 1336 miscentes
326 1275 403 1334 ritus
417 1291 501 1338 suos.
525 1275 626 1336 divisa
645 1275 749 1350 itaque
761 1274 943 1336 Macedonia
956 1282 988 1336 ct

36 1354 139 1427 partium
152 1356 260 1419 usibus
274 1358 437 1433 separatis,
452 1373 533 1434 quac
546 1359 606 1420 iam
620 1357 784 1422 universos
796 1365 913 1421 teneret
922 1359 986 1420 bla-

36 1437 159 1514 ecrlonas,
183 1442 314 1504 formula
335 1440 431 1518 dicta,
458 1458 526 1504 eum
547 1445 632 1519 leges
654 1460 780 1519 quoque
795 1458 830 1504 se
845 1441 985 1506 daturum

15 1583 16 1587 ,
36 1523 202 1584 ostendisset.

10 1596 15 1616 ²
97 1605 184 1668 XXXI
204 1609 307 1670 Aetoii
327 1607 441 1672 demde
462 1610 553 1674 citati.
575 1609 606 1672 in
622 1625 683 1686 qua
698 1610 872 1686 cognitione
886 1611 984 1686 magis

35 1694 158 1764 unapars
169 1691 327 1767 Romanis,
340 1699 409 1753 utra
419 1693 484 1768 regi
497 1695 625 1756 lavisset
637 1695 809 1770 quaesitum
821 1701 878 1766 est,
892 1709 986 1768 quam

34 1777 83 1832 utra
99 1774 217 1836 lecisset
231 1775 370 1836 iniuriam
386 1783 439 1837 aut
458 1778 647 1852 accepissea
667 1793 749 1838 noxa
762 1777 880 1838 liberati
894 1776 985 1838 inter-

33 1854 154 1929 fectores3
181 1859 324 1920 exsilium
338 1859 438 1935 pulsis
452 1875 551 1936 aeque
564 1866 661 1920 ratum
677 1859 733 1922 luit
746 1875 783 1922 ao
796 1875 880 1920 mors
894 1858 985 1920 inter-

33 1937 114 2011 lectis;
133 1944 169 2002 A.
183 1943 321 2012 Baebius
335 1961 416 2006 unns
436 1951 485 2006 est
499 1945 676 2018 dannatus,
698 1943 783 2020 quod
798 1944 909 2004 milites
923 1943 985 2004 Ro·

32 2036 116 2084 uranos
139 2025 334 2102 praebuisset
356 2028 396 2088 ad
417 2027 616 2090 ministerium
639 2026 754 2088 caedis.
783 2025 834 2088 hic
855 2033 985 2090 euentus

31 2102 181 2170 Aetolorum
197 2126 312 2172 causae
326 2111 356 2170 in
372 2111 513 2173 omnibus
528 2111 674 2174 Graeciae
688 2111 831 2186 gentibus
845 2109 985 2186 populis·

32 2205 75 2262 que
91 2208 190 2255 eorum
211 2195 263 2269 qui
279 2195 375 2269 partis
389 2197 597 2258 Romanorum
616 2199 735 2268 fuerant
754 2194 873 2257 inileuit
886 2195 926 2256 ad
941 2196 984 2256 in-

30 2273 190 2340 tolerabilem
202 2278 381 2353 superbiam
391 2279 519 2353 animos,
533 2287 564 2340 et
574 2280 727 2342 obnoxios
735 2279 866 2355 pedibus
878 2294 984 2340 eorum

28 2356 134 2422 subiecit
148 2377 230 2437 quos
240 2362 349 2437 'aliqua
364 2370 450 2439 parte
464 2364 601 2439 suspicio
616 2365 732 2426 icvorls
747 2363 776 2427 in
791 2379 895 2439 amem
911 2378 983 2424 cou-

28 2439 121 2514 tiserat
149 2445 210 2506 tria
229 2461 342 2520 genere
357 2446 529 2522 principum
549 2447 580 2507 in
595 2446 769 2510 ciuimibus
785 2455 886 2519 erant,
910 2445 983 2518 duo,

29 2539 89 2598 qnae
106 2529 259 2592 adulando
281 2536 333 2591 aut
352 2531 560 2592 Romanorum
580 2531 739 2607 imperium
754 2538 807 2594 out
821 2527 984 2590 amicitiam

26 2621 110 2683 regrum
124 2613 182 2675 sibi
197 2612 340 2688 priuatim
354 2629 434 2690 opes
449 2614 611 2690 oppressis
627 2612 781 2674 iaciebant
791 2610 981 2680 ciuitatibus;

27 2695 135 2757 medium
153 2713 265 2771 unum,
290 2698 412 2772 unique
432 2699 535 2773 generi
557 2699 737 2770 adversum,
763 2697 932 2760 libertatem
952 2700 984 2754 et

26 2772 91 2850 lites
104 2781 253 2845 tuebatur.
274 2779 324 2841 his
338 2788 371 2844 ot
381 2785 479 2844 motor
491 2783 574 2858 apud
589 2797 666 2843 suos
681 2779 808 2854 caritas,
829 2780 870 2843 ita
884 2777 983 2840 minor

26 2859 54 2918 ad
65 2871 203 2928 externas
218 2865 315 2939 gratio
330 2873 403 2928 erat.
427 2867 573 2930 secundis
583 2866 677 2928 rebus
693 2865 763 2926 elati
774 2865 981 2926 Romanorum

10 2943 100 3016 ,panis
110 2947 180 3010 -eius
196 2949 333 3013 lautores
351 2949 412 3010 soli
432 2957 495 3012 tum
510 2950 540 3012 in
555 2948 796 3026 magistratibus,
820 2946 880 3010 soii
894 2947 925 3006 in
940 2947 981 3008 lc·

10 3019 286 3126 §remanserant
305 3032 337 3096 hi
353 3050 421 3096 cum
438 3035 614 3108 trequentes
626 3042 659 3096 et
670 3049 711 3097 ex
722 3031 938 3110 Peloponneso
954 3038 983 3092 et

10 3127 12 3204 t
25 3111 185 3178 rtBoeotla
198 3123 284 3178 etex
298 3117 367 3180 aliis
383 3117 530 3178 Graeciae
544 3119 682 3182 conciliis
697 3117 853 3189 adessent
874 3115 980 3190 imple·

10 3205 79 3264 tlorc
91 3213 181 3263 aures
195 3201 303 3264 darem
314 3202 500 3277 legatorum:
515 3217 577 3264 non
589 3217 645 3263 eos
656 3208 782 3277 tontum,
797 3200 849 3277 qui
859 3215 897 3262 se
911 3215 981 3272 pro·
1105 3215 1109 3222 ¹

10 3271 104 3362 {lolam
119 3299 176 3358 per
188 3286 353 3346 vanitatem
367 3284 536 3346 iactassent
548 3292 703 3362 tamquam
717 3285 856 3361 hospites
868 3289 899 3342 et
908 3278 982 3342 ami·

10 3372 66 3423 ens
87 3364 204 3444 Persei,
230 3369 286 3432 secl
308 3371 403 3432 multo
426 3371 529 3445 plures
552 3369 629 3432 alios
652 3385 691 3430 ex
714 3369 833 3430 occulto
855 3364 981 3438 lauisse,

10 3447 141 3554 ‚reliquos
163 3469 218 3528 per
239 3453 376 3528 speciem
397 3453 530 3514 tuendae
550 3451 697 3515 libertatis
718 3451 748 3514 in
771 3447 908 3512 conciliis
929 3447 978 3508 ad·
