2424 3872
203 227 317 287 LIBER
330 227 461 288 XXXIX.
485 227 568 288 CAP-
580 235 625 290 46.
636 233 680 292 at.
696 234 732 301 [ι.
745 234 777 286 0.
791 234 853 303 183]
994 229 1036 296 Β

63 375 105 450 li.
114 375 237 436 Licinius
249 375 378 436 Crassus
390 377 528 452 pontifex
542 377 694 438 maximus
708 386 845 440 mortuus
860 388 921 456 est,
938 381 969 442 in
985 397 1037 442 cu-

79 460 114 520 ias
126 461 219 519 locum
233 458 276 519 Μ.
293 459 493 536 Sempronius
508 459 676 522 Tuditanus
691 462 830 537 pontifex
849 471 897 524 est
911 473 1036 541 coopta-

77 550 125 614 tus,
139 542 275 618 pontifex
289 545 441 605 maximus
458 551 506 604 est
527 552 647 605 creatus
670 545 702 606 C.
717 544 865 628 Servilius
882 547 1036 610 cernuus.

75 626 99 686 l.
108 626 205 686 licinii
216 627 333 688 brueris
345 643 440 689 causa
451 627 614 689 visceratio
626 629 714 703 data,
726 636 757 690 et
766 629 953 705 gladiatores
966 647 1037 693 cen-

73 718 124 770 tum
136 710 237 785 viginti
253 718 481 786 pugnaverunt,
497 718 527 772 et
540 711 604 771 ludi
618 711 763 773 funebres
774 729 832 789 per
845 713 978 776 monum
993 716 1037 774 fa·

73 793 117 867 cti,
133 801 201 870 post
214 795 308 856 ludos
323 796 456 870 epulum.
485 796 591 870 inquo
613 810 682 856 cum
704 803 768 858 toto
787 797 856 859 foro
877 803 973 858 strata
985 798 1036 859 tri·

69 877 146 938 clinia
159 885 277 951 essent,
293 886 461 954 tempestas
477 895 546 940 cum
566 879 685 954 magnis
703 881 848 955 procellis
863 889 971 946 coorta
985 897 1038 941 co·

69 963 120 1036 egit
131 962 296 1038 plerosque
309 962 508 1023 tabernacula
521 970 655 1025 statuere
666 963 696 1023 in
712 964 796 1025 foros
819 966 928 1028 eadem
941 967 1036 1042 paulo

69 1053 140 1119 post,
155 1061 222 1106 cum
236 1045 376 1122 undique
390 1047 631 1118 disserenasset,
653 1046 790 1118 sublatae
812 1047 1036 1126 defunctosque

68 1129 144 1203 urigo
164 1129 306 1190 ferebant
325 1131 409 1205 quod
429 1130 508 1191 inter
533 1131 637 1192 fatalia
656 1138 745 1193 votes
766 1133 963 1208 cecinissent,
983 1149 1035 1192 ne·

69 1227 144 1272 cesse
154 1228 227 1274 esse
239 1213 439 1275 tabernacula
453 1215 484 1275 in
499 1215 567 1275 foro
583 1216 684 1276 statu.
712 1215 772 1275 hac
790 1215 939 1290 religione
952 1217 1035 1275 leva-

67 1296 98 1355 tis
110 1296 199 1368 altera
213 1297 342 1373 iniecta,
358 1298 443 1374 quod
458 1299 607 1373 sanguine
622 1312 679 1374 per
697 1297 826 1359 biduum
839 1299 991 1374 pluvisset
1004 1299 1035 1358 in

18 1451 19 1458 ἵ
68 1395 126 1440 area
138 1381 287 1452 Vulcani;
303 1389 332 1441 et
346 1397 402 1457 per
425 1382 618 1443 decemviros
640 1382 824 1458 supplicatio
845 1381 958 1443 indicta
972 1388 1037 1443 erat

17 1465 19 1524 J
65 1464 121 1523 eius
132 1465 268 1540 prodigii
284 1464 429 1541 expiandi
445 1481 549 1527 causa.

17 1585 18 1608 r
133 1547 318 1625 Priusquam
339 1551 485 1610 consules
506 1550 536 1608 in
558 1549 735 1625 provincias
757 1549 1034 1625 proficiscerentur,

16 1685 17 1692 ,
67 1630 221 1706 legationes
246 1633 466 1694 transmarinas
487 1633 517 1693 in
540 1639 680 1694 senatum
700 1632 944 1694 introduxerunt.
978 1648 1036 1694 nec

15 1715 16 1758 l
66 1730 193 1790 umquam
209 1723 283 1776 ante
296 1724 412 1776 tantum
426 1717 561 1792 regionis
582 1718 649 1778 eius
668 1716 826 1778 hominum
839 1718 956 1778 Romae
970 1718 1036 1780 fue·

14 1801 16 1880 l
65 1805 111 1858 rat
137 1816 206 1860 nam
225 1816 265 1860 ex
281 1815 342 1877 quo
359 1802 440 1861 fama
454 1807 645 1878 pergentes,
662 1815 742 1876 quae
756 1799 969 1861 Macedoniam
986 1815 1035 1859 ac·

13 1885 15 1966 j
66 1883 169 1958 colunt,
187 1886 315 1959 vulgata
330 1891 378 1945 est
400 1884 525 1944 crimina
550 1883 820 1959 querimoniasque
842 1883 881 1942 de
894 1881 1035 1958 Philippo

13 1981 15 2042 }
65 1980 115 2025 non
131 1968 333 2043 neglegenter
346 1967 384 2027 ab
405 1966 551 2030 Romanis
572 1966 688 2040 audiri,
708 1966 811 2026 mullis
833 1980 946 2041 operae
967 1979 1036 2040 pre·

64 2047 126 2109 tium
143 2051 243 2111 fuisso
266 2053 367 2128 queri,
399 2067 455 2126 pro
477 2067 513 2111 se
533 2065 675 2125 quaeque
695 2048 835 2110 civitates
856 2054 1035 2124 gentesque,

63 2131 266 2208 singulietiam
280 2133 582 2211 privatim-gravis
598 2133 677 2194 enim
692 2133 801 2194 accola
816 2132 957 2195 omnibus
971 2138 1037 2193 erat

63 2246 98 2261 ·-
109 2218 240 2279 Romam
259 2219 366 2280 autad
383 2234 472 2294 spem
486 2218 635 2278 levandae
649 2216 778 2280 iniuriae
793 2225 846 2280 aot
861 2217 901 2278 ad
915 2216 1035 2278 dellen-

62 2299 113 2360 dae
127 2302 273 2363 solatium
287 2308 446 2362 venerunt
476 2309 505 2362 et
527 2301 564 2361 ab
585 2301 722 2362 Eumene
741 2316 815 2377 rege
835 2301 1035 2376 legaliorum

64 2382 143 2446 fratre
158 2386 228 2447 eius
243 2385 402 2446 Athenaeo
418 2385 502 2445 venit
515 2385 554 2446 ad
568 2385 758 2460 querendum
768 2385 859 2446 simul
875 2385 959 2459 quod
973 2399 1037 2444 non

61 2466 280 2530 deducerentur
294 2485 334 2529 ex
348 2469 477 2529 Thracia
490 2469 660 2545 praesidia,
676 2468 767 2530 simul
785 2467 870 2544 quod
884 2468 915 2528 in
930 2467 1036 2543 Bithy-

61 2551 132 2613 niam
143 2553 276 2614 Prusiae
291 2552 405 2613 bellum
427 2553 577 2614 adversus
597 2553 764 2613 Eumenem
786 2551 903 2627 gerenti
923 2550 1037 2610 auxilia

61 2635 145 2699 missa
166 2639 280 2700 forent.
323 2637 440 2698 XLVII.
462 2636 715 2712 respondendum
739 2635 780 2694 ad
805 2633 907 2693 omnia
933 2632 1036 2692 iuveni

61 2724 115 2781 turn
128 2722 299 2782 admodum
313 2722 466 2783 Demetrio
482 2727 561 2794 erat,
588 2733 658 2779 cum
682 2717 766 2777 haud
780 2715 871 2776 facile
886 2722 970 2776 esset
985 2722 1041 2776 aut

61 2815 190 2880 eaquae
206 2805 413 2879 obicerentur,
429 2812 482 2865 aut
497 2819 576 2879 quae
588 2803 739 2863 adversus
751 2816 788 2860 ea
800 2799 930 2860 dicenda
941 2807 1036 2875 erant,

61 2889 201 2950 memoria
211 2889 382 2964 complecti.
407 2903 464 2949 nec
476 2888 557 2947 enim
567 2887 661 2948 multa
672 2886 788 2962 solum,
803 2885 858 2945 sed
871 2885 960 2945 etiam
972 2885 1037 2961 plc-

62 2985 149 3047 raque
164 2971 284 3048 oppido
301 2989 392 3048 quam
406 2987 503 3048 parva
518 2977 618 3043 erant,
641 2971 681 3030 de
697 2969 907 3031 controversia
921 2969 1035 3041 linium,

63 3053 96 3113 de
114 3055 291 3117 hominibus
311 3056 407 3132 raptis
430 3055 658 3132 pecoribusque
681 3053 813 3127 abactis,
837 3053 876 3113 de
898 3053 965 3112 iure
985 3056 1037 3112 aut

61 3135 135 3201 dicto
151 3156 208 3216 per
222 3139 378 3200 libidinem
398 3147 449 3201 aut
469 3155 531 3200 non
548 3138 646 3214 dicto,
669 3137 708 3198 de
726 3137 820 3198 rebus
836 3152 892 3212 per
908 3136 969 3195 vim
984 3140 1037 3195 aut

63 3235 112 3294 per
124 3226 253 3300 gratiam
266 3224 417 3285 iudicatis.
446 3223 520 3283 nibil
536 3224 644 3283 horum
663 3236 765 3298 neque
780 3219 965 3282 Demetrium
979 3217 1035 3278 do·

64 3317 127 3368 cere
142 3307 277 3368 dilucide
297 3323 354 3368 nec
375 3323 409 3367 se
431 3306 506 3368 sutis
525 3305 642 3382 liquido
664 3305 785 3366 discere
800 3303 839 3364 ab
854 3319 892 3364 eo
909 3307 1034 3362 senatus

64 3401 127 3449 cum
143 3398 279 3452 comeret
298 3407 411 3466 posse,
435 3391 525 3452 simul
546 3397 577 3449 ct
595 3387 734 3450 tirocinio
757 3394 787 3448 et
808 3382 1036 3462 perturbatione

64 3469 175 3536 iuvenis
190 3481 377 3551 moveretur,
394 3475 498 3549 quaeri
513 3472 602 3534 iussit
613 3471 651 3533 ab
667 3487 721 3549 eo,
738 3485 867 3545 ecquem
878 3466 917 3528 de
927 3463 976 3524 his
987 3478 1037 3524 re·
