2368 3858
194 214 387 276 EPITOMAE
402 215 604 276 LIBRORUM
619 215 826 276 LVII—LIX.
954 213 1016 276 305

52 365 107 412 dixit,
120 373 186 414 eaque
194 361 267 402 omnia
275 360 357 403 reierra
368 365 510 413 quaestorem
519 363 542 402 ln
550 362 651 414 publicas
660 362 748 405 tabulas
759 363 836 405 iussitr
852 375 881 404 ax
891 365 919 406 iis
926 375 951 406 se
962 364 1017 406 virts

52 419 133 460 lortlbas
143 415 198 457 dona
212 417 321 456 daturum.
338 427 387 456 cum
400 415 771 467 undiquaNuroantlamobsidione
779 416 896 459 clausisset
907 419 929 457 et
940 417 1016 459 obses·

51 484 82 516 sos
95 472 146 512 lame
159 470 244 510 videret
259 469 339 520 urgeri,
354 467 440 519 hostes,
456 471 494 521 qui
508 470 638 521 pabulatum
652 471 761 521 exierant,
777 471 847 511 vetuit
862 470 941 520 occidi,
956 471 1015 522 quod

51 527 121 566 diceret
134 524 231 565 velocius
246 534 284 565 eos
298 522 455 575 absumpturos
470 523 573 564 frumenti
588 522 648 575 quod
659 523 776 575 baberent,
792 525 811 566 si
822 523 899 577 piures
913 524 1015 566 inissent.

92 579 162 620 bviii.
185 579 219 618 Ti.
239 577 384 629 Sempronius
405 575 520 618 Gracchus
540 578 641 619 tribunus
660 577 733 630 plebis
752 589 801 619 cum
816 577 887 629 legem
907 579 1015 630 agrariam

48 633 105 674 ierret
118 630 222 673 adversus
237 631 374 672 voluntatem
389 633 482 672 senatus
496 633 519 673 et
533 632 645 683 equestris
660 631 757 682 ordinis,
773 643 801 673 ne
815 635 867 685 quis
882 643 911 673 ex
925 632 1015 684 publico

48 698 91 739 sgro
103 687 152 739 pius
166 696 232 736 qnam
247 685 309 726 mille
324 685 401 736 iugera
415 684 547 736 possideret,
564 685 585 724 in
600 696 649 725 eum
659 685 754 726 iurarem
766 686 855 734 exarsit,
871 691 895 727 ut
904 685 935 726 it.
949 685 1015 727 ocra

47 745 77 780 vio
93 739 186 792 collegae
205 749 295 781 cauum
314 737 417 780 diversae
436 738 507 789 partis
527 737 656 779 defendenti
676 742 809 791 potestatem
828 740 878 792 lege
892 738 939 780 iata
953 741 1007 780 abro

6 855 8 862 ,
46 790 1016 900 {linietis‚initiis‘sitierit‘,ilitiixi‘iltliiim'lil

47 904 80 944 sibi
97 902 163 943 iatius
182 910 259 952 agrum
274 900 423 952 patefaceret,
445 903 469 939 nt
484 899 552 940 iidem
572 901 681 942 triumviri
696 901 831 951 molestent,
853 911 897 954 qua
912 878 1015 952 publicus

46 965 98 1006 ager,
119 965 162 1006 qua
180 956 285 1007 privatus
305 956 375 994 esset.
396 953 477 994 delude
497 965 546 994 cum
566 956 639 996 minus
652 955 699 1007 agri
714 958 774 996 esset
789 965 854 1007 quam
869 954 930 1007 quod
945 953 1014 996 divldl

46 1012 111 1062 posset
124 1010 172 1049 sine
192 1009 277 1049 otiensa
298 1007 364 1048 etlam
378 1006 466 1058 piebis,
487 1008 589 1059 quoniam
604 1019 644 1049 eoa
657 1008 685 1048 ad
701 1008 844 1060 cupiditatem
858 1009 955 1062 amplum
969 1020 1013 1050 mo

46 1063 87 1102 dnn
103 1061 204 1115 sperandi
223 1062 368 1110 incitaverat,
393 1063 464 1112 legem
482 1073 507 1103 sa
525 1063 713 1114 promulgaturum
732 1062 843 1111 ostendit,
870 1064 950 1113 utils,
976 1062 1015 1115 qui

44 1116 162 1168 Sempronia
180 1115 231 1166 iege
250 1125 327 1166 agrum
341 1114 443 1168 accipere
458 1114 576 1164 deberent,
596 1116 690 1167 pecnnia
705 1125 761 1167 qnae
776 1118 836 1167 regis
849 1115 919 1156 Attali
934 1114 1015 1158 inisset

46 1169 173 1210 divideretur.
189 1167 296 1210 heredem
311 1172 384 1208 autem
398 1166 504 1220 populum
518 1168 640 1209 Romanum
654 1169 776 1220 reliquerat
790 1169 890 1218 Attalus,
906 1179 946 1208 rex
961 1169 1014 1209 Per-

45 1223 103 1276 garul,
121 1223 228 1265 Eumenis
246 1221 315 1263 iiiios.
340 1225 373 1262 tol
392 1221 562 1274 indignitatibus
580 1225 702 1265 commotus
722 1222 937 1274 paritersanctum
962 1225 1014 1262 anre

45 1290 110 1320 onnes
127 1278 150 1318 Τ.
170 1276 259 1319 Annius
278 1275 414 1326 consularis,
435 1278 474 1328 qul
496 1287 545 1317 cum
565 1278 586 1317 in
606 1278 685 1318 senatu
699 1278 721 1316 ln
742 1273 865 1318 Gracchum
879 1278 1013 1328 perorasset,

45 1337 109 1383 raptus
121 1332 147 1372 ab
163 1343 190 1372 eo
205 1330 235 1371 ad
250 1331 359 1382 populum
374 1329 508 1382 delatusque
523 1330 595 1382 plebi,
616 1341 695 1372 rursus
714 1331 735 1371 ln
750 1341 799 1370 enm
814 1341 854 1382 pro
869 1331 949 1372 rostris
962 1340 1014 1370 con·

45 1386 129 1426 tionatus
143 1387 184 1426 est.
205 1396 256 1424 curn
271 1386 350 1424 iterum
366 1385 469 1426 tribunus
483 1384 556 1437 piebis
570 1385 640 1425 creari
656 1384 725 1425 vellet
740 1383 865 1432 Gracchus,
885 1386 976 1426 auctore
989 1383 1015 1423 P.

45 1439 133 1480 Cornelio
147 1438 231 1480 Nasica
248 1439 268 1478 ln
285 1437 396 1490 capitolio
411 1439 438 1480 ab
453 1439 598 1491 optimatibus
613 1437 701 1480 occisus
716 1440 759 1487 est,
775 1438 833 1480 ictus
847 1440 941 1490 primum
956 1437 1012 1490 irag-

45 1494 111 1534 nentis
123 1493 296 1541 subselliorum,
312 1495 334 1533 et
348 1492 407 1532 iuter
421 1492 489 1542 aiios,
505 1494 544 1543 qul
558 1493 581 1532 in
595 1492 672 1533 eadem
686 1492 797 1534 seditione
811 1493 879 1535 occisi
894 1495 966 1543 erant,
981 1492 1013 1532 in-

44 1546 132 1598 sepultus
146 1548 167 1586 in
182 1545 266 1586 humen
282 1547 401 1597 proiectus.
422 1557 459 1587 res
473 1549 587 1598 praeterea
601 1549 623 1587 iu
637 1546 715 1588 Sicilia
733 1546 796 1588 vario
810 1551 891 1588 eventu
905 1546 986 1588 advers

45 1599 136 1652 lugitivos
150 1603 228 1652 gestas
246 1599 352 1642 continet.
986 1619 989 1622 ·

86 1654 138 1695 uix.
158 1652 292 1694 Numantini
310 1653 368 1693 lame
383 1653 452 1693 coacti
472 1653 478 1692 i
497 1653 515 1694 si
531 1663 555 1694 se
571 1663 611 1704 per
624 1653 693 1693 vicum
708 1653 824 1695 tradentes
840 1654 1013 1701 trucidaverunt,

44 1711 117 1758 captam
131 1708 206 1748 urbem
221 1706 301 1759 Scipio
316 1705 434 1747 Africanus
449 1665 533 1760 defluit
548 1706 613 1772 etde
628 1717 655 1746 ea
669 1706 820 1772 triumphavit,
837 1710 917 1758 quarto
929 1705 1013 1770 decimo

6 1849 7 1852 ι
44 1757 1013 1867 illitiiiiiii?:izi:iiinliiiiitiiti‘iliiiit'iistillim

6 1913 7 1916 Ἰ
45 1868 101 1908 ittaii
117 1869 175 1920 regis
193 1869 271 1920 legata
291 1867 373 1961 populo
391 1867 491 1909 Romano
511 1868 583 1910 libera
601 1877 652 1908 esse
672 1867 770 1907 deberet.
788 1866 897 1908 adversus
917 1877 966 1906 eum
986 1866 1011 1906 P.

44 1921 127 1964 licinius
140 1921 239 1964 Crassus
253 1933 320 1962 consu
336 1952 342 1971 ,
358 1931 407 1962 cum
422 1919 479 1961 idern
494 1919 595 1972 pontifex
608 1922 717 1963 maximus
731 1924 804 1970 esset,
821 1920 881 1972 quod
895 1929 1013 1972 numquam

45 1977 98 2015 antea
110 1975 189 2016 iactum
205 1979 262 2025 erat,
278 1978 341 2016 extra
356 1974 442 2016 italiam
457 1975 576 2027 proiectus,
592 1973 678 2026 proelio
693 1975 767 2015 victus
781 1978 804 2016 et
818 1977 907 2015 occisus
923 1978 964 2015 est.
980 1974 1011 2014 hi.

45 2027 140 2082 Perperna
150 2028 233 2072 consul
248 2030 331 2070 victum
345 2029 494 2070 Aristonicum
513 2030 535 2069 in
551 2027 684 2068 deditionem
698 2029 793 2080 accepit.
812 2028 841 2073 Q.
857 2029 977 2080 Pompeius
991 2031 1013 2068 et

44 2081 66 2124 u.
77 2082 189 2134 Metellus,
208 2088 265 2124 tuuc
282 2083 373 2135 primum
388 2085 476 2133 utrique
491 2093 519 2122 ex
538 2082 604 2135 plebe
617 2080 670 2122 iacti
684 2093 803 2130 censores,
823 2082 919 2122 lustrum
938 2082 1012 2122 condi·

45 2141 122 2183 uerunt:
141 2149 209 2180 censa
230 2140 282 2179 sunt
302 2137 383 2177 civium
405 2139 477 2190 capita
497 2139 596 2177 trecenta
615 2137 772 2190 septemdecim
792 2135 865 2184 milla,
886 2136 1013 2188 octingenta

45 2191 109 2242 viginti
122 2185 171 2242 iria,
187 2195 279 2243 praeter
293 2190 393 2243 pupillos
406 2193 430 2231 et
444 2189 531 2232 viduas.
546 2189 574 2233 (l.
589 2190 696 2233 ilietcilus
710 2200 790 2233 censor
805 2189 897 2241 censuit,
912 2193 938 2230 ut
949 2202 1011 2242 coge-

44 2247 107 2284 rentur
121 2257 197 2287 omnes
212 2246 294 2286 ducere
309 2253 392 2286 uxores
408 2245 526 2286 liberorum
540 2244 682 2286 creandorum
698 2257 772 2288 musa.
788 2247 863 2286 astat
876 2245 947 2284 oratio
956 2245 1012 2295 eius,

44 2307 97 2347 qnam
110 2300 224 2352 Augustus
240 2299 333 2346 Cacsar,
352 2309 401 2338 curu
420 2299 447 2338 de
462 2298 592 2340 maritandis
606 2299 722 2342 ordinibus
735 2303 823 2352 ageret,
842 2298 906 2338 velut
920 2300 942 2338 ln
957 2298 1011 2338 baec

43 2353 128 2403 tempora
145 2355 253 2404 scriptam
273 2355 294 2394 ln
315 2355 395 2394 senatu
409 2353 520 2392 recitavit.
541 2353 567 2394 G.
585 2354 761 2396 Atiniushabeo
777 2351 967 2404 tribunusplebis
983 2353 1011 2396 Q,

43 2403 143 2447 lieteiium
157 2417 281 2456 censorem,
297 2417 310 2445 a
325 2415 370 2458 quo
385 2406 406 2446 ln
422 2410 501 2448 senatu
516 2404 537 2446 ie
554 2406 610 2446 endo
624 2408 758 2459 praeteritus
773 2411 826 2455 crat,
842 2406 870 2446 de
883 2417 938 2447 saxo
954 2406 1011 2446 deici

44 2457 108 2509 iussit,
127 2460 188 2512 quod
203 2472 233 2501 ne
252 2459 326 2509 berei,
346 2460 414 2500 ceteri
429 2460 512 2500 tribuni
527 2471 540 2512 p
553 2461 600 2500 ebis
614 2461 697 2502 auxilio
712 2460 808 2500 inerunt.
824 2470 873 2500 cum
887 2458 958 2500 Garbo
973 2461 1010 2500 tri·

43 2509 103 2555 bunos
116 2514 194 2567 plebis·
203 2515 342 2566 rogationem
357 2513 454 2564 tulisset,
470 2515 495 2553 ut
508 2513 602 2554 eundem
617 2515 727 2555 tribunum
742 2513 815 2565 plebi,
830 2514 919 2563 quoties
934 2512 1011 2560 veliet,

43 2574 105 2606 creare
123 2568 216 2618 liceret,
237 2568 373 2619 rogationem
393 2569 443 2610 eius
457 2567 485 2608 P.
499 2567 616 2608 Africanus
630 2569 762 2620 gravissima
777 2567 877 2606 oratioue
892 2566 1012 2614 dissuasit,

42 2618 116 2671 inqua
135 2621 192 2662 dixit
213 2623 246 2662 Ti.
270 2619 392 2662 Gracchum
413 2622 460 2662 iure
475 2632 564 2662 caesum
579 2621 658 2664 videri.
681 2622 705 2662 c.
723 2619 836 2661 Gracchus
851 2621 926 2658 contra
941 2621 1011 2660 suasit

43 2676 176 2724 rogationem:
200 2675 242 2717 sed
260 2674 338 2726 Scipio
359 2677 437 2715 tenuit.
458 2675 518 2715 heila
539 2677 595 2715 inter
615 2673 746 2716 Antiochum
764 2673 842 2725 Syriae
857 2675 880 2712 et
894 2671 1010 2713 Phraatem

42 2725 159 2770 Parthorum
179 2739 255 2781 regem
274 2731 351 2780 gesta,
372 2740 413 2769 nec
432 2731 502 2781 magis
521 2731 610 2781 quietae
623 2739 659 2770 res
673 2728 769 2780 Aegypti
785 2728 916 2768 reseruntur.
936 2727 1009 2767 Ptole-

42 2790 105 2823 maeus
118 2782 244 2835 Euergetes
259 2783 432 2834 cognominatus,
447 2785 476 2822 ob
492 2783 579 2824 nimiam
588 2783 742 2825 crudelitatem
754 2782 802 2823 suis
814 2781 906 2830 invisus,
922 2781 1011 2823 incensa

42 2837 138 2887 apopuio
152 2839 215 2889 regia
229 2837 285 2878 clam
300 2836 386 2888 Cypron
402 2837 513 2889 profugit,
532 2840 555 2878 et
569 2849 618 2878 cunr
632 2837 702 2879 sorori
717 2837 766 2877 eius
781 2835 925 2887 cleopatrae,
945 2845 1010 2887 quam

42 2884 78 2927 ilia
96 2891 142 2931 eius
162 2891 249 2942 virgine
268 2900 309 2942 per
328 2891 372 2931 vim
387 2902 512 2943 compressa
531 2894 600 2944 atque
614 2894 634 2932 in
650 2891 811 2933 matrimonium
827 2889 893 2929 ducta
907 2889 1008 2942 repudia·

42 2945 104 2992 verat,
123 2955 216 2996 regnum
230 2956 243 2985 a
257 2943 342 2997 populo
358 2943 432 2986 datum
447 2949 520 2994 esset,
540 2946 641 2989 intensus
655 2947 723 2987 fliium
738 2955 803 2998 quero
819 2955 846 2984 ex
860 2943 900 2984 iiia
914 2943 1010 2984 habebat

42 2991 97 3047 Cypri
116 2999 211 3048 occidit,
234 3001 346 3051 caputque
362 3001 413 3040 eius
431 3003 454 3038 ct
473 3009 551 3040 manus
570 3004 593 3040 et
604 3000 674 3052 pedes
692 3003 756 3040 matri
770 2999 838 3041 misit.
861 2997 1010 3040 seditionesa

42 3049 150 3093 triumviris
165 3051 244 3093 Fulvio
255 3051 335 3093 Flacco
349 3055 372 3092 et
383 3051 410 3092 C.
423 3050 522 3092 Graccho
536 3056 559 3092 et
571 3052 596 3094 G.
607 3055 696 3107 Papirio
707 3054 807 3094 Carbone
822 3063 874 3104 agro
889 3051 1009 3094 dividendo

41 3106 110 3145 creatis
123 3109 246 3155 excitataee
262 3107 345 3158 quibus
358 3116 407 3146 cnm
422 3106 448 3145 P.
461 3105 537 3158 Scipio
550 3107 668 3150 Africanus
681 3107 844 3156 adversaretur,
860 3107 971 3158 sortisque
984 3118 1010 3146 ac

41 3154 118 3198 validus
132 3158 159 3199 de
175 3160 212 3200 die
227 3160 314 3202 domum
328 3171 353 3202 se
367 3161 501 3211 recepisset,
522 3163 623 3203 mortuus
636 3163 658 3202 in
673 3162 777 3203 cubiculo
792 3163 896 3202 inventus
912 3166 953 3203 est.
974 3172 1009 3201 su·

41 3214 106 3259 specta
120 3212 174 3263 luit,
195 3217 307 3267 tamquam
322 3213 341 3253 ei
357 3224 471 3254 vencnum*
481 3213 593 3264 dedisset,
613 3215 744 3269 Sempronia
758 3226 826 3263 uxor,
841 3214 893 3254 binc
907 3212 1008 3263 maxime,

41 3264 91 3311 qaod
104 3277 167 3308 soror
181 3272 241 3310 esset
253 3265 409 3317 Gracchorum,
424 3278 473 3308 cum
482 3268 563 3320 quibus
579 3269 681 3312 simultas
691 3270 794 3311 Africano
806 3268 886 3307 iuerat.
901 3267 929 3307 de
940 3270 1009 3306 morte

40 3319 102 3358 taruco
120 3322 169 3361 eius
189 3321 250 3361 nulia
270 3323 372 3374 quaestio
392 3323 448 3362 acta.
469 3334 495 3362 eo
511 3321 616 3364 defuncto
637 3324 759 3365 seditiones
774 3319 922 3362 triumvirales
936 3321 1010 3362 acrius

41 3376 167 3413 exarserunt.
188 3374 213 3416 G.
228 3375 372 3427 Sempronius
387 3375 462 3417 consol
478 3374 587 3419 adversus
602 3377 696 3430 iapydas
711 3379 780 3430 primo
795 3386 840 3414 rem
855 3372 912 3414 maie
926 3374 1011 3425 gessit,

40 3432 84 3465 tior
101 3427 192 3468 victoria
211 3428 297 3470 cladem
316 3432 429 3481 acceptam
449 3428 575 3472 emendavit
594 3434 676 3473 virtute
696 3432 725 3472 D.
741 3431 796 3471 iunii
811 3427 886 3477 Bruti,
907 3429 956 3469 eius
970 3431 1007 3471 uui

40 3475 165 3521 Lusitaniam
180 3483 304 3536 subegerat.

74 3552 95 3592 ι.
113 3552 185 3596 ιιιιι
199 3555 275 3597 unns
290 3541 328 3598 V.
767 3546 801 3595 20
