2364 3862
220 217 333 276 tlBElt
347 217 450 276 xle.
472 219 553 278 cnr.
568 229 631 281 aa.
654 228 689 294 [a.
706 229 738 281 c.
756 229 815 297 ros]
941 223 1000 288 etl

35 365 139 440 placuit
154 382 216 426 non
231 367 310 427 ultra
324 369 471 427 morando
483 369 513 426 in
525 369 682 430 Thessalia
692 378 811 445 tempus
824 378 930 446 terere,
946 375 1003 434 scd

35 464 148 509 movere
171 450 325 524 extemplo
347 458 447 509 castra
467 457 563 526 atque
579 452 650 512 inde
673 469 801 528 pergere
814 455 845 512 in
860 455 1003 516 Macedo·

34 532 106 590 niam
120 540 152 592 et
164 541 336 607 praetorem
352 535 426 592 dare
442 550 578 607 operam,
599 543 634 594 ut
648 536 757 596 eodem
772 544 909 612 tempore
925 540 1002 599 clas·

35 615 72 674 sis
86 632 209 690 quoque
224 616 385 676 invehatur
398 617 530 677 hostium
546 618 705 679 littoribus.
723 629 863 695 praetore
874 621 1002 683 dimisso

36 701 131 758 consul
152 706 342 759 menstruum
356 700 441 760 iusso
457 701 549 760 milite
564 718 669 762 secum
684 704 763 762 lerre
780 705 935 779 profectus
951 706 1003 764 de·

1 845 2 852 ,
36 783 102 842 cimo
123 791 196 856 post
218 783 269 842 die
289 798 381 858 quam
395 785 561 843 exercitum
576 792 752 860 acceperat,
774 795 876 848 castra
891 788 1002 858 movim

35 866 158 925 etunius
175 865 237 924 diei
252 881 438 940 progressus
453 868 510 926 iter
524 867 701 929 convocatis
716 868 854 932 itinerum
871 870 1001 932 ducibus

1 999 2 1006 ,
35 964 92 1008 cum
105 955 300 1023 exponerent
313 950 344 1007 in
360 951 488 1010 consilio
504 949 655 1024 iussisset,
672 969 733 1026 qua
748 955 880 1030 quisque
895 955 1002 1015 ductu·
1089 939 1103 960 ’

1 1089 2 1104 ,
34 1048 78 1091 ms
91 1040 183 1104 esset,
206 1033 366 1092 summotis
380 1032 419 1093 iis
434 1050 525 1108 quam
541 1035 730 1108 potissimum
746 1042 870 1111 peteret,
891 1039 1003 1099 rettulit

1 1119 2 1196 l
34 1115 66 1173 ad
83 1115 256 1176 consilium.
285 1115 353 1175 aliis
374 1132 430 1191 pcr.
448 1116 589 1192 Pythium
610 1118 751 1192 placebat
770 1119 834 1192 via,
857 1121 924 1179 aliis
947 1137 1002 1195 per

1 1215 2 1268 3
35 1196 209 1258 Cambunios
229 1208 363 1272 montes,
391 1217 452 1274 qua
472 1201 575 1274 priore
595 1216 675 1261 anuo
703 1202 833 1262 duxerat
852 1201 1001 1263 Hostilius

1 1286 2 1352 1
33 1285 143 1356 consul,
172 1283 243 1342 aliis
272 1289 391 1356 praeter
411 1284 592 1344 Ascuridem
614 1284 764 1358 paludem.
793 1285 928 1346 restabat
948 1286 1002 1344 ali·

1 1397 2 1404 κ
33 1373 165 1438 quantum
180 1367 252 1426 viae
268 1368 453 1426 conamunisa
468 1369 572 1442 ltaque
586 1367 616 1425 in
631 1367 669 1426 id·
678 1373 808 1443 tempus,
826 1386 886 1444 quo
903 1385 1002 1444 prope

33 1448 184 1510 divortium
200 1449 339 1509 itinerum
354 1458 455 1510 castra
475 1451 604 1525 posituri
619 1455 719 1524 erant,
742 1452 919 1512 deliberatio
935 1453 1000 1512 eius

1 1535 2 1620 l
32 1531 68 1589 rei
87 1532 236 1593 differtur.
258 1532 288 1591 ln
303 1533 515 1593 Perrhaebiam
530 1534 602 1593 inde
617 1532 709 1608 ducit,
730 1540 760 1594 et
774 1535 851 1595 inter
865 1539 1000 1596 Azorum

1 1625 2 1690 l
32 1622 56 1673 et
72 1615 221 1676 Dolichen
243 1617 353 1676 stativa
366 1615 473 1676 habuit
492 1617 532 1676 ad
547 1617 770 1678 consulendum
783 1635 892 1680 rursus
909 1635 998 1695 quam

34 1699 215 1771 potissimum
237 1707 415 1774 capesseret
434 1700 524 1760 viani.
550 1715 604 1775 per
624 1701 750 1761 eosdem
771 1703 838 1762 dies
857 1702 999 1775 Perseus,

1 1813 2 1856 ,
33 1795 90 1841 cunr
114 1783 368 1857 appropinquare
388 1783 507 1843 hostem
528 1783 634 1857 sciret,
662 1784 746 1858 quod
773 1785 830 1843 iter
852 1784 1000 1859 petiturus

1 1861 2 1950 l
34 1873 107 1926 esset
119 1867 257 1940 ignarus,
274 1883 380 1926 omnes
397 1868 493 1926 saltus
508 1865 643 1926 insidere
658 1866 819 1940 praesidiis
835 1867 947 1927 statuit.
970 1868 1000 1926 in

34 1945 125 2022 iugum
148 1948 384 2010 Cambuniorum
404 1949 549 2010 montium
572 1985 601 1994 -
630 1950 801 2010 Volustana
814 1949 875 2024 ipsi
889 1956 1002 2010 vocant

35 2063 65 2074 -
85 2032 193 2092 decern
214 2033 296 2092 milia
317 2032 394 2093 levis
422 2039 591 2094 armaturae
612 2032 756 2094 iuvenum
770 2049 837 2092 cum
859 2034 939 2094 duce
959 2035 1001 2092 A·
1044 2093 1048 2104 ,

35 2115 216 2190 sclepiodoto
231 2115 334 2186 mittit;
359 2117 398 2175 ad
419 2118 576 2176 castellum
598 2117 682 2190 quod
702 2132 797 2192 super
817 2117 1000 2177 Ascuridem

36 2198 168 2274 paludem
190 2206 256 2259 erat
274 2232 318 2242 —
337 2199 492 2274 Lapathus
513 2205 640 2260 vocatur
654 2201 741 2261 locus
755 2231 798 2244 -
812 2199 942 2276 Hippias
957 2208 1000 2260 te-

35 2295 98 2340 nere
111 2284 222 2342 saltum
238 2298 306 2342 cum
322 2282 485 2342 duodecim
498 2281 613 2344 milium
627 2282 829 2344 Macedonum
845 2284 999 2360 praesidio

35 2361 136 2426 iussus.
152 2365 224 2439 ipse
238 2382 308 2427 cum
321 2363 447 2440 reliquis
463 2365 562 2440 copiis
578 2366 675 2439 primo
692 2367 772 2426 circa
787 2367 876 2426 Dium
890 2369 1001 2428 stativa

34 2446 135 2521 habuit,
152 2448 275 2522 deinde,
291 2449 369 2508 adeo
383 2456 417 2508 ut
431 2449 627 2523 obtorpuisse
642 2449 733 2526 inops
748 2449 867 2511 consilii
881 2449 1000 2509 videre·

37 2537 83 2602 tur,
97 2547 165 2591 eum
179 2533 334 2606 equitibus
350 2531 501 2607 expeditis
517 2531 615 2592 littore
630 2550 711 2592 nunc
723 2535 905 2594 Heracleum
920 2548 1000 2591 nunc

37 2611 135 2674 Philam
152 2615 360 2690 percurrebat,
382 2617 492 2675 eodem
506 2613 577 2675 inde
592 2630 685 2676 cursu
702 2615 790 2676 Dium
804 2622 957 2689 repetens.

52 2719 54 2728 ³
107 2698 155 2757 lll.
176 2699 298 2758 Interim
319 2699 437 2758 consuli
459 2698 608 2758 sententia
627 2700 710 2758 stetit
730 2713 767 2756 eo
783 2699 862 2758 saltu
877 2698 998 2770 ducere,

37 2777 79 2840 uhi
97 2789 223 2857 propter
242 2781 416 2842 Ottolobum
437 2781 570 2843 diximus
585 2783 667 2857 regis
689 2787 790 2840 castra
804 2779 837 2819 **
853 2781 1000 2855 praemitti

39 2869 124 2924 umen
140 2872 284 2940 quattuor
299 2863 381 2924 milia
396 2872 576 2925 armatorum
589 2867 629 2926 ad
644 2867 713 2924 loca
724 2871 897 2940 opportuna
912 2881 999 2941 prac-

1 2957 3 3008 l
39 2949 207 3022 occupanda
226 2948 356 3024 placuit,
381 2948 449 3023 quis
473 2948 638 3024 praepositi
658 2955 729 3008 sunt
748 2948 789 3007 M.
806 2949 999 3023 ClaudiusQ.

37 3026 156 3091 Mucium
182 3032 320 3092 consulis
345 3031 437 3090 lilius.
469 3031 627 3095 confestim
655 3040 685 3092 et
704 3032 868 3094 universae
892 3035 1000 3110 copiae

39 3115 241 3188 sequebantur.
261 3121 395 3174 ceterum
408 3115 486 3174 adeo
498 3115 594 3173 ardua
606 3121 636 3174 et
646 3131 758 3190 aspera
773 3124 803 3176 et
818 3118 1000 3192 confragosa

1 3223 2 3264 3
40 3195 79 3255 via
98 3198 165 3271 luit,
191 3206 225 3259 ut
244 3197 406 3273 praemissi
429 3196 563 3273 expediti
583 3197 676 3258 biduo
699 3198 872 3274 quindecim
887 3201 1001 3260 milium

1 3275 2 3308 r
40 3292 172 3350 passuum
186 3297 279 3356 aegre
300 3279 406 3341 itinere
428 3281 568 3340 conlecto
581 3290 682 3342 castra
696 3284 854 3356 posuerint
868 3282 910 3339 **.
932 3283 1000 3341 Die·
1101 3306 1105 3314 ·

1 3361 2 3396 f
39 3375 93 3422 rum
113 3381 204 3438 quem
225 3379 337 3439 cepere
358 3363 460 3422 locum
477 3365 640 3438 appellant.
662 3365 732 3424 inde
749 3372 873 3440 postero
889 3365 938 3423 die
952 3379 1000 3421 sc-

1 3541 2 3548 *
41 3450 107 3514 ptem
121 3448 201 3506 milia
215 3445 384 3522 progressi,
398 3447 513 3506 tumulo
528 3446 611 3507 haud
627 3450 733 3521 procul
743 3448 878 3586 hostium
890 3445 1011 3555 'castris
