2328 3870
183 200 297 262 llBER
310 203 370 263 llL.
392 204 474 264 cAP.
490 214 533 270 17.
548 214 648 270 rata.
669 215 706 281 [a.
722 215 754 269 C.
771 218 832 284 tes]
952 213 995 278 09

50 353 131 414 launo
144 353 188 412 sit.
210 351 299 427 legati
312 356 526 430 possessionis
541 355 590 416 ius
605 373 667 417 non
682 365 848 434 mutarunt,
869 377 993 424 causam

50 435 163 512 integram
174 437 300 497 Romam
315 438 354 497 ad
371 445 510 500 senatum
524 439 706 502 reiecerunt.

6 577 7 598 ,
106 520 135 578 ln
151 519 310 595 Liguribus
332 519 405 582 nihil
426 530 537 598 postea
556 532 686 598 gestum.
718 533 912 586 recesserant
932 529 993 603 pri-

6 605 8 680 i
46 619 105 664 uum
116 603 143 663 in
156 604 261 666 devios
276 606 387 679 saltus,
410 607 521 668 deinde
536 607 665 670 dimisso
680 609 817 670 exercitu
831 610 948 685 passim
962 613 994 672 in

6 695 8 768 t
45 687 109 748 vicos
126 688 308 764 castellaque
327 705 385 749 sua
405 689 517 766 dilapsi
531 699 611 753 sunt.
646 695 791 754 consules
807 709 934 772 quoque
948 694 994 755 di·

6 769 8 838 ἑ
44 769 133 832 nitere
145 772 309 833 exercitum
323 774 495 849 voluerunt,
510 791 547 836 ac
561 775 601 835 de
616 792 654 836 ea
667 791 702 836 re
714 783 818 851 patres
829 779 993 838 consulue-

6 855 8 864 '
43 861 100 913 runt
122 855 242 917 alterum
263 872 303 919 ex
316 856 364 916 lus
386 856 516 921 dimisso
537 860 675 922 exercitu
696 861 734 920 ad
751 862 947 936 magistratus
962 862 993 920 in

42 951 128 998 annum
144 940 294 1002 creandos
315 941 421 1002 venire
433 943 562 1004 Romam
583 943 754 1018 iusserunt,
776 946 902 1006 alterum
923 961 993 1006 cum

41 1020 180 1095 legionibus
201 1023 267 1084 suis
282 1022 363 1103 Pisis
384 1024 529 1086 hiemare.
559 1028 641 1088 lama
655 1036 720 1090 erat
735 1028 838 1090 Gallos
851 1029 992 1089 mansu·

6 1159 7 1186 ,
42 1102 108 1177 pinos
125 1106 307 1175 iuventutem
328 1124 463 1184 armare,
485 1125 543 1170 nec
562 1111 593 1171 in
610 1127 700 1186 quam
716 1111 873 1187 regionem
887 1113 992 1172 ltaliae

42 1185 147 1250 edurum
165 1206 200 1252 se
217 1192 379 1254 multitudo
395 1200 482 1254 esset
494 1192 658 1256 sciebatur.
683 1195 726 1254 ita
738 1193 817 1255 inter
831 1210 866 1254 se
881 1208 992 1254 consu·

6 1265 7 1294 ¹
40 1269 73 1330 las
88 1283 305 1349 compararunt,
325 1282 359 1336 ut
374 1277 427 1342 Cn.
442 1277 578 1338 Baebius
595 1278 635 1337 ad
650 1276 771 1338 comitia
785 1277 850 1352 iret,
865 1278 938 1353 quia
951 1277 991 1336 M.

6 1381 7 1414 ;
40 1349 142 1416 Baebius
155 1359 247 1420 trater
261 1358 329 1420 eius
346 1361 540 1422 consulatum
556 1361 688 1436 petebat.

6 1441 7 1446 ’
100 1439 197 1500 llVlll.
219 1442 348 1505 conum
367 1444 547 1506 consulibus
568 1445 714 1520 rogandis
729 1445 828 1506 lueres
851 1445 944 1506 creati
957 1444 990 1502 P.

6 1531 8 1618 t
42 1517 165 1586 tenelius
177 1525 330 1601 Cethegus
339 1527 381 1586 M.
392 1527 526 1588 Baebius
534 1527 722 1604 Tamphilus.
745 1535 903 1604 praetores
920 1528 991 1587 inda

6 1631 7 1684 ᾖ
42 1601 92 1662 tacti
108 1607 162 1668 duo
177 1609 210 1684 Q.
223 1610 327 1684 nobit,
347 1610 499 1672 Maximus
514 1621 545 1674 et
557 1614 669 1685 Buteo,
690 1611 734 1673 ll.
751 1611 894 1673 Claudius
909 1611 991 1670 Nero

6 1735 8 1770 ,
42 1683 64 1757 i·
74 1685 190 1752 Petillius
208 1693 362 1770 Spurinus
376 1695 418 1754 M.
435 1694 573 1756 Pinarius
588 1696 688 1758 Posca
701 1696 735 1754 L.
750 1695 914 1756 Duronius.
941 1694 991 1754 his

6 1775 8 1842 ἶ
41 1767 94 1830 inito
107 1777 277 1850 magistratu
295 1779 473 1853 provinciae
494 1779 537 1839 ita
556 1786 640 1840 sorte
660 1786 841 1840 eucnemon
862 1779 990 1852 ligures

6 1845 8 1932 l
42 1858 201 1934 consulibus,
223 1860 419 1938 praetoribus
434 1861 467 1935 Q.
482 1861 598 1923 Petillio
612 1863 746 1932 urbana,
770 1861 803 1936 Q.
818 1860 913 1920 Fabio
927 1860 990 1929 Ma-

6 1935 9 2006 t
42 1935 100 1998 nmo
112 1947 283 2020 peregrina,
305 1945 339 2018 Q.
353 1945 447 2006 Fabio
463 1946 594 2006 Buteoni
608 1945 720 2017 Gallia,
734 1945 777 2004 Ti.
794 1944 919 2006 Claudio
933 1943 990 2002 Ne-

7 2011 9 2078 ἕ
41 2021 88 2082 roni
102 2022 210 2102 Sicilia,
230 2029 274 2088 M.
288 2028 407 2090 Pinario
430 2028 586 2106 Sardinia,
607 2030 641 2090 L.
656 2027 793 2090 Duronio
811 2027 940 2104 Apulia,
962 2034 993 2087 et

7 2159 8 2186 ,
41 2101 109 2167 Histri
124 2111 246 2187 adiecti,
276 2113 359 2188 quod
380 2113 533 2174 Tarentini
553 2112 792 2189 Brundisinique
813 2111 992 2174 nuntiabant

7 2195 9 2284 i
42 2191 174 2256 nmtmos
193 2212 288 2272 agros
306 2198 436 2257 infestos
450 2199 719 2258 tmnsmarinarum
734 2198 857 2260 navium
870 2197 991 2257 latroci-

7 2293 9 2356 ῑ
41 2269 168 2337 libasse
198 2281 310 2342 eadem
323 2281 535 2342 Massilienses
556 2282 595 2341 de
608 2283 750 2356 Ligurum
768 2280 900 2342 navibus
917 2295 991 2354 que·

7 2359 9 2428 t
42 2354 164 2422 nbnntm.
191 2365 346 2424 exercitus
366 2363 438 2425 inde
454 2364 577 2424 decreti.
607 2371 751 2440 quattuor
763 2365 902 2440 legiones
918 2379 991 2424 con-

43 2438 116 2515 sules,
136 2446 224 2519 quina
245 2446 328 2508 milia
349 2448 487 2508 ducenos
508 2449 664 2510 Romanos
686 2449 821 2524 pedites,
847 2454 991 2508 decenos

42 2513 157 2588 haberent
169 2531 299 2606 equites,
314 2537 344 2592 et
359 2529 535 2606 quindecim
549 2532 632 2592 milia
646 2532 765 2594 socium
777 2546 813 2590 ac
822 2528 922 2590 Latini
935 2545 992 2588 no-

43 2603 115 2683 minis,
128 2611 317 2690 octingentos
331 2611 460 2690 equites.
481 2615 513 2674 in
524 2614 680 2689 Hispaniis
697 2618 896 2688 prorogatum
908 2619 992 2671 tete·

8 2737 10 2762 r
43 2682 103 2750 ¹⁸¹th
120 2697 307 2768 praetoribus
322 2698 481 2773 imperium
496 2704 544 2758 est
559 2714 629 2758 eum
644 2696 829 2757 exercitibus
845 2710 924 2769 quos
939 2694 992 2754 ha·

8 2769 10 2858 i
44 2764 134 2849 beram,
148 2788 177 2840 et
189 2781 219 2840 in
235 2782 482 2857 supplementum
498 2781 622 2842 decreta
635 2781 693 2840 tria
706 2779 788 2840 milia
803 2777 915 2841 civium
930 2778 991 2839 Ro·

8 2883 9 2938 3
44 2861 183 2947 mtritarum,
204 2864 327 2926 ducenti
338 2865 476 2941 equites,
500 2873 531 2926 et
545 2865 663 2926 socium
677 2864 775 2926 Latini
788 2863 920 2926 nominis
935 2880 992 2926 sex

8 2941 9 3014 l
46 2937 103 3000 fflffla
111 2946 248 3021 peditum,
255 2949 381 3010 ueccnti
388 2949 519 3025 equites.
534 2964 592 3010 nee
602 2949 648 3009 rei
655 2949 772 3010 navalis
785 2965 859 3009 cura
865 2949 991 3009 omissa.

8 3059 10 3106 1
47 3013 234 3102 itrnvirosin
256 3048 324 3093 eam
343 3049 408 3094 rem
429 3034 574 3094 consules
596 3048 702 3094 creare
722 3031 814 3107 iussi,
836 3047 892 3108 per
911 3047 992 3107 quos

8 3111 9 3140 ³
46 3112 115 3196 laves
134 3114 235 3188 viginti
261 3115 412 3178 deductae
437 3117 596 3178 navalibus
622 3115 715 3177 sociis
742 3116 859 3178 civibus
880 3116 992 3177 Roma-

48 3195 86 3256 ns,
98 3194 141 3266 qui
153 3199 326 3260 servitutem
340 3200 519 3274 servissent,
537 3201 772 3276 complerentur,
787 3199 911 3275 ingenui
925 3207 991 3260 tan-

47 3269 128 3336 ittuut
138 3279 173 3341 iis
192 3290 382 3356 praeessent.
417 3282 495 3344 inter
515 3283 693 3345 duumviros
709 3282 751 3344 ita
765 3283 863 3344 divisa
877 3281 992 3342 tuenda

50 3345 112 3415 denis
130 3365 248 3428 navibus
270 3366 420 3428 rneritima
435 3383 503 3443 ore,
524 3373 559 3431 ut
572 3367 813 3442 promontorium
828 3366 865 3425 iis
879 3363 991 3421 Miner-

49 3442 88 3495 ttc
103 3443 175 3508 velut
191 3451 281 3512 cardo
296 3451 327 3510 in
341 3450 443 3512 medio
464 3457 564 3519 esset3
594 3453 669 3512 alter
683 3450 755 3510 inde
770 3450 907 3507 dextram
922 3458 992 3517 par·
