2368 3858
165 166 229 230 306
342 166 536 227 EPITOMAE
552 168 756 228 LIBRORUM
769 168 975 226 Lx-thv.

220 317 268 360 LX.
285 316 309 358 l..
327 317 430 358 Aurelius
444 316 521 358 consul
533 315 669 358 rebellantes
684 315 770 357 Sardos
784 316 879 369 subegit.
896 316 988 357 Fulvius
1003 316 1096 357 Flaccus
1107 318 1145 367 pri·

167 383 214 415 mus
229 371 388 423 Transalpinos
402 371 495 421 Ligures
514 369 599 410 domuit
619 370 692 419 bello,
712 371 795 412 missus
809 372 831 410 in
851 371 957 410 auxilium
973 371 1148 411 Massiliensibus

168 425 276 468 adsersus
290 423 397 465 Saturius
412 423 501 472 Gallos,
522 425 559 476 qui
579 423 634 466 fines
649 424 826 465 Massiliensium
846 425 1030 476 propalabantur.
1052 425 1077 464 b.
1099 423 1147 474 Opi·
1180 455 1182 464 .

167 481 224 520 mins
238 480 327 531 praetor
343 477 496 528 Fregellanos,
517 479 554 529 qni
571 477 712 527 defecerant,
733 479 755 517 in
770 477 905 517 deditionem
920 478 1020 530 accepit,
1040 477 1149 527 Fregellas
1180 467 1182 534 ἰ

166 533 241 574 diruit.
262 531 390 584 pestilentie
404 532 426 571 ln
441 531 514 572 Africa
529 534 556 570 ab
573 531 656 583 ingenti
672 534 809 572 locustarum
824 531 967 572 multitudine
981 534 1005 571 et
1019 528 1102 570 deinde
1116 541 1148 569 ne·
1180 535 1182 572 i

166 593 263 628 catarum
282 590 356 638 strage
378 585 448 626 fuisse
467 584 571 627 traditur.
592 586 686 626 lustrum
704 596 718 625 a
737 585 868 626 censoribus
887 586 999 625 conditum
1020 589 1066 626 este
1088 594 1149 624 censa
1181 585 1182 588 ’

166 642 218 682 sunt
243 640 323 679 civium
347 641 420 691 capita
441 641 540 679 trecente
563 640 682 692 nonaginta
701 639 761 679 mliia
780 640 921 691 septingenta
940 639 1034 691 triginta
1054 649 1104 679 sex.
1127 635 1148 678 (ἶ.
1181 647 1182 650 ’

167 691 287 742 Gracchus,
304 693 384 734 Tiberii
400 693 475 743 frater,
491 693 591 734 tribunus
607 694 692 744 piebis,
708 692 850 745 eloquentior
864 703 930 744 quam
945 693 1028 741 frater,
1044 692 1148 744 pernicio·

166 759 204 791 sas
218 747 304 799 aliquoi
319 746 382 798 teges
396 747 455 794 tulit,
471 748 530 786 inter
543 753 600 798 quas
614 746 791 795 frumentariam,
808 750 831 787 ut
845 748 907 788 uenis
920 749 943 786 et
959 749 1044 787 triente
1060 745 1147 786 frumen

165 806 212 844 tum
232 801 292 853 plebi
312 799 414 848 dareturs
434 799 526 840 alteram
546 801 617 852 legem
636 803 757 852 agrariam,
778 811 843 852 quam
862 803 885 840 et
903 800 972 841 frater
992 801 1043 841 eius
1060 800 1148 848 tulerat,
1181 799 1182 836 i

166 857 265 906 tertiam,
286 864 330 904 qus
344 857 471 904 equestrem
486 853 596 904 ordinem,
618 859 732 895 iuuencum
751 857 829 895 senatu
845 856 1036 903 consentientem,
1059 865 1148 893 corrum-

165 913 239 963 peret,
259 911 283 950 nt
297 910 398 950 sexcenti
414 919 441 948 ex
456 909 569 960 equitiBus
588 909 610 948 ln
626 910 708 950 curiam
722 908 906 959 sublegerentur,
929 909 1021 960 etquis
1037 907 1087 948 illis
1102 912 1146 946 ten-

166 964 258 1016 poribus
271 965 364 1003 trecenti
380 964 464 1003 tanium
479 966 594 1004 senatores
609 970 684 1012 erant,
699 964 799 1006 sexcenti
816 964 905 1013 equites
920 963 1029 1002 trecentis
1046 961 1148 1002 senatori·

165 1019 207 1058 bus
227 1016 414 1065 admiscerentur,
439 1015 460 1055 id
481 1020 528 1066 est,
548 1020 571 1056 ut
590 1019 696 1068 equester
714 1015 769 1056 ordo
789 1016 824 1056 bis
839 1019 923 1057 tantum
939 1017 1020 1057 virium
1036 1015 1061 1054 iu
1076 1018 1148 1056 senam

164 1070 265 1112 baberet.
285 1074 308 1111 ei
327 1072 453 1111 continuato
473 1071 495 1109 in
515 1069 608 1111 aiterum
628 1082 708 1111 annum
730 1070 856 1119 tribunatu,
878 1070 966 1122 legibus
986 1072 1085 1121 agrariis
1104 1069 1149 1110 latis

166 1126 249 1173 effecit,
265 1127 289 1164 ut
304 1125 430 1178 cempiures
444 1123 543 1163 coioniae
558 1125 580 1164 in
596 1124 659 1165 ltalia
673 1124 846 1172 deducerentur,
868 1128 890 1164 et
905 1135 948 1164 nna
963 1125 985 1163 iu
1001 1123 1055 1165 solo
1071 1123 1149 1164 dirutae

166 1177 319 1230 Carthaginis.
334 1190 379 1231 quo
392 1179 440 1229 ipse
456 1178 556 1218 triumvir
571 1182 658 1220 creatus
673 1179 781 1220 coloniam
797 1177 899 1218 deduxit.
915 1183 1034 1231 praetcrea
1050 1189 1090 1219 res
1104 1176 1148 1220 eit.

166 1233 259 1274 hietello
279 1233 370 1274 consule
390 1232 499 1273 adversus
514 1231 614 1274 Baliares
628 1235 704 1284 gestas
718 1233 829 1280 continet,
850 1242 908 1283 quas
922 1231 1002 1273 Graeci
1018 1232 1148 1284 Gymnesiae

165 1287 488 1382 :tziti‘htii:ttiiz¹
503 1285 871 1382 ''it'stitini‘iitnt‘ii
886 1286 1148 1392 &stetisse

165 1398 238 1436 motus
260 1404 349 1446 quoque
369 1393 448 1444 Syriae
467 1369 606 1443 reseruntur,
633 1396 655 1436 ln
676 1396 756 1447 quihus
776 1393 895 1447 Cleopatra
914 1395 1058 1436 Demetrium
1086 1394 1149 1434 virum

165 1459 228 1490 suum
243 1450 265 1487 et
276 1448 395 1488 Seleucum
411 1448 487 1499 illium,
502 1448 622 1502 indignata,
639 1449 699 1501 quod
713 1451 787 1490 occiso
802 1453 865 1500 patre
880 1448 958 1490 elusa
974 1458 1000 1490 se
1012 1449 1104 1490 iniussu
1115 1457 1148 1488 sue

166 1501 267 1542 diadema
281 1504 422 1554 sumpsisset,
437 1504 558 1546 interemit.

219 1555 273 1596 lixi.
290 1556 315 1597 C.
327 1555 419 1596 Sextius
433 1557 552 1608 proconsul
569 1557 627 1596 victa
641 1555 782 1596 Saluviorum
796 1559 862 1608 genie
878 1558 987 1597 coloniam
1003 1558 1086 1608 Aquas
1099 1554 1142 1596 Sex

165 1610 208 1651 tias
223 1608 334 1660 condidit,
355 1610 383 1649 ob
399 1621 504 1662 aquarum
523 1612 609 1662 copiam
629 1622 641 1649 e
656 1609 735 1652 calidis
749 1611 882 1663 frigidisque
897 1611 1009 1659 fontibus,
1032 1615 1104 1661 atque
1118 1619 1148 1648 no

165 1663 223 1704 mine
243 1675 282 1704 suo
305 1664 335 1703 ita
354 1665 488 1715 appellatas.
512 1665 552 1706 Cn.
571 1664 681 1706 Domitius
701 1665 819 1717 proconsul
840 1665 948 1707 adversus
967 1664 1109 1716 AlioBrogas
1125 1661 1149 1702 ad

165 1717 270 1769 oppidum
290 1716 414 1758 Vindalium
434 1718 530 1757 feliciter
549 1719 667 1770 pugnavit,
687 1720 769 1770 quibus
788 1719 872 1761 bellum
892 1717 1002 1759 inferendi
1018 1730 1092 1761 causa
1106 1716 1147 1765 fuit,

165 1771 225 1822 quod
244 1772 403 1812 Teutomsiiuru
427 1771 568 1812 Saluviorum
589 1783 663 1823 regem
686 1773 807 1824 fugientem
828 1775 966 1825 recepissent
986 1777 1008 1813 et
1030 1773 1093 1814 omni
1112 1781 1148 1822 ope

165 1826 286 1872 iuvissent,
310 1826 414 1878 quodque
429 1826 553 1866 Aeduorum
568 1836 645 1876 agros,
665 1828 777 1868 sociorum
793 1827 869 1880 popuii
885 1827 990 1876 Romani,
1012 1827 1148 1869 vastassent·

166 1877 190 1919 C.
206 1877 320 1921 Gracchus
334 1881 443 1921 seditioso
458 1881 570 1920 tribunatu
585 1883 641 1928 acto,
659 1892 706 1920 cum
722 1881 854 1921 Aventinum
870 1892 960 1932 quoque
975 1883 1066 1921 armata
1082 1879 1148 1921 multi·

165 1932 243 1972 tudine
258 1937 398 1985 occupasset,
414 1935 463 1974 ab.
474 1935 562 1986 Opimio
578 1933 670 1975 consule
684 1947 713 1975 ex
727 1939 819 1976 senatus
835 1937 936 1977 consulto
952 1939 1034 1974 vocato
1050 1935 1080 1976 ad
1097 1943 1148 1973 arma

164 1986 249 2039 populo
264 1987 344 2038 pulsus
360 1991 382 2027 et
396 1990 485 2029 occisus
500 1995 547 2037 est,
564 1991 586 2027 et
601 1999 649 2028 cum
665 1999 691 2028 eo
706 1989 798 2031 Fulvius
812 1988 906 2030 Flaccus
922 1987 1059 2039 consularis,
1078 1989 1148 2031 socius

165 2038 263 2081 eiusdem
281 2040 367 2081 furoris.
384 2041 411 2085 Q.
428 2042 508 2082 fabius
523 2042 633 2084 biaxiruus
648 2042 733 2091 consui,
749 2041 812 2082 Pauli
827 2055 906 2095 nepos,
921 2043 1033 2083 adsersus
1049 2041 1148 2084 Allobro·

164 2103 204 2144 gas
225 2096 248 2132 et
263 2094 368 2133 Bituitum
388 2098 537 2136 Arvernorum
557 2108 630 2146 regem
649 2095 746 2136 feliciter
766 2099 880 2148 pugnavit.
901 2108 930 2137 ex
950 2095 1147 2146 Bituitiexercitu

165 2156 230 2186 caesa
246 2146 305 2186 milla
320 2145 430 2189 hominum
446 2153 533 2189 centum
550 2150 635 2201 viginti.
657 2151 705 2201 ipse
719 2161 760 2190 rex
778 2162 827 2190 cum
841 2150 869 2190 sd
884 2147 1074 2192 satisfaciendum
1090 2159 1148 2191 sena·

165 2201 196 2238 tui
208 2199 299 2240 Romam
314 2200 427 2248 profectus
442 2205 512 2251 esset,
534 2204 611 2244 Albam
627 2203 786 2246 custodiendus
801 2205 868 2245 datus
884 2208 933 2252 est,
949 2204 1003 2256 quia
1018 2205 1102 2244 contra
1116 2213 1148 2255 pa

165 2263 211 2292 cem
227 2252 355 2302 videbatur,
371 2259 396 2294 ut
410 2256 431 2294 in
448 2254 542 2297 Galliam
557 2259 715 2300 remitteretur.
732 2257 845 2298 decretum
860 2269 950 2309 quoque
966 2260 1009 2306 est,
1026 2261 1051 2298 ut
1065 2257 1149 2308 Congu·

165 2308 230 2347 natus
245 2306 366 2348 filiuseius
382 2307 555 2362 comprehensus
569 2312 659 2353 Romam
674 2313 805 2352 mitteretur.
825 2312 959 2363 Allobroges
974 2312 996 2350 in
1012 2310 1149 2352 deditionem

164 2361 258 2412 accepti.
282 2361 305 2402 b.
327 2361 428 2410 opinatus
450 2367 568 2408 accusatus
588 2366 646 2417 apud
666 2365 772 2417 populum
792 2377 805 2404 a
825 2365 852 2409 Q.
870 2365 941 2406 Decio
962 2365 1148 2418 tribunoplebis,

165 2413 223 2466 quod
239 2414 377 2457 indemnatos
392 2417 453 2459 eires
467 2419 488 2457 in
504 2429 614 2460 carcerem
628 2421 768 2470 coniecisset,
785 2419 902 2461 absolutus
917 2422 961 2460 cst·

217 2468 283 2510 bitti.
300 2470 328 2514 Q.
344 2471 442 2511 litamine
456 2472 534 2514 consui
544 2472 648 2521 Stoenos,
663 2477 750 2524 gentem
761 2473 871 2524 Alpinam,
890 2475 1038 2525 expugnavit.
1054 2473 1149 2525 Micipsa

163 2521 281 2564 Numidiae
296 2535 334 2564 rex
350 2533 450 2567 mortuus
462 2537 553 2577 regnum
568 2529 639 2568 trihus
654 2526 705 2568 filiis
719 2527 821 2578 reliquit,
838 2526 973 2576 Adherbali,
989 2527 1115 2580 Hiempsali
1128 2532 1147 2566 et

163 2575 294 2628 iugurthae,
313 2578 389 2621 fratris
407 2579 465 2630 filio,
486 2591 550 2632 quem
566 2580 718 2632 adoptaverat.
739 2581 763 2622 b.
784 2581 895 2623 Caecilius
911 2581 1019 2624 Meteilus
1035 2581 1149 2622 Dalmatas

163 2631 259 2682 subegit.
281 2631 384 2683 iugurtha
402 2633 551 2686 Hiempsalem
572 2635 661 2675 fratrem
682 2635 746 2686 petiit
765 2635 838 2685 hello,
859 2646 924 2687 quem
945 2637 1032 2676 victum
1054 2634 1147 2683 occidit,

162 2683 311 2727 Adherbalem
325 2698 393 2738 regno
408 2688 502 2740 expulit.
522 2691 542 2729 is
556 2700 568 2727 a
583 2693 661 2730 senatu
676 2690 794 2730 restitutus
809 2693 852 2732 est.
873 2690 898 2731 i..
914 2689 1028 2732 Caecilius
1044 2689 1147 2732 Meteilus

164 2739 205 2780 Cn.
220 2738 330 2782 Domitius
342 2741 501 2784 Ahenobarbus
515 2753 620 2784 censores
635 2742 691 2784 duos
706 2746 728 2782 et
743 2743 833 2794 triginta
847 2746 926 2784 senatu
942 2748 1071 2786 moverunt.
1088 2754 1138 2797 prae

162 2794 224 2832 terea
239 2799 312 2835 rnotus
327 2795 405 2846 Syriae
420 2807 538 2849 regumque
554 2799 660 2839 eontinet.

216 2847 292 2887 extit.
308 2847 362 2888 cato
377 2849 469 2891 Porcius
484 2850 561 2891 consul
576 2853 598 2890 in
614 2849 705 2890 Thracis
720 2850 776 2891 male
791 2850 900 2893 adversas
915 2851 1052 2894 Scordiscos
1067 2860 1144 2903 pugna·
1175 2863 1177 2870 ¹

162 2899 202 2940 vit.
223 2899 317 2941 lustrum
339 2913 351 2940 a
372 2904 502 2946 censoribus
522 2904 633 2945 conditum
649 2905 693 2945 est:
714 2915 781 2945 censa
796 2907 848 2946 sunt
863 2905 944 2945 civium
960 2906 1037 2959 capita
1052 2906 1145 2946 trecenta
1175 2909 1177 2934 i

162 2954 281 3003 nonaginta
300 2959 405 3005 quattuor
424 2958 494 3007 mitia,
515 2961 614 3000 trecenta
635 2958 724 3008 triginta
738 2969 787 3000 sex.
808 2958 915 3008 Aemilia,
935 2960 1036 3010 Licinis,
1058 2957 1144 3006 hiarcia,
1175 2945 1177 3008 i

162 3006 260 3057 virgines
274 3007 388 3060 Vestales,
410 3012 487 3053 incesti
507 3012 621 3053 damnatae
636 3016 701 3060 sunt,
721 3011 788 3063 idque
804 3012 913 3053 incestum
933 3024 1002 3064 quem
1018 3011 1144 3057 admodum
1175 3015 1177 3056 t

162 3063 185 3100 et
200 3062 338 3103 commissum
354 3065 376 3101 et
391 3063 552 3117 deprehensum
567 3071 589 3106 et
605 3065 724 3106 iudicatum
736 3067 772 3114 sit,
790 3065 892 3105 refertur.
909 3065 1003 3117 Cimbri,
1019 3078 1076 3120 gens
1086 3076 1143 3117 vagi,

162 3114 313 3168 populabundi
327 3117 350 3156 in
366 3117 477 3168 illyricum
492 3125 610 3161 venerunte
633 3120 660 3159 ab
676 3121 703 3161 lis
718 3119 821 3172 Papirius
835 3119 908 3160 Carbo
923 3122 1004 3162 consul
1021 3133 1071 3163 cum
1086 3130 1142 3161 exer·

162 3171 206 3210 eitu
222 3168 284 3211 fusus
299 3172 340 3211 cst.
367 3171 443 3213 Livius
457 3173 545 3216 Drusus
559 3174 636 3216 consui
652 3173 760 3214 adversus
775 3172 921 3224 Scordiscos,
941 3179 1034 3226 gentem
1049 3187 1061 3216 a
1076 3174 1143 3216 Gallis

161 3223 282 3273 oriundam,
298 3225 319 3264 in
335 3222 427 3265 Thracia
442 3226 537 3267 feliciter
552 3229 666 3281 pugnavit.

214 3276 288 3316 axii.
309 3277 421 3318 Adherbal
443 3281 503 3322 bello
523 3285 607 3334 petitus
627 3294 640 3322 a
660 3281 764 3334 iugurtha
784 3284 806 3322 et
825 3282 847 3321 in
863 3282 947 3333 oppido
964 3282 1029 3324 Cirta
1043 3284 1142 3325 obsessus

161 3331 238 3367 contra
262 3328 449 3372 denuntiationem
474 3338 566 3375 senatus
585 3336 612 3374 ab
632 3347 659 3374 eo
678 3336 765 3376 occisus
785 3337 828 3377 cst.
853 3335 881 3374 ob
904 3334 946 3376 hoc
964 3337 1010 3388 ipsi
1030 3334 1141 3389 iugurthae

161 3379 245 3420 bellum
259 3381 377 3432 indictum
399 3385 466 3435 idque
482 3386 616 3439 Calpurnius
631 3389 708 3429 Bestia
727 3387 804 3428 consui
820 3399 898 3438 gerere
912 3390 992 3432 iussus
1007 3403 1085 3443 pacem
1099 3397 1140 3428 cum

161 3431 266 3480 hemetre
287 3435 372 3477 iniussu
387 3439 464 3490 popuii
479 3442 501 3479 ei
517 3444 609 3481 senatus
629 3441 690 3482 fecit.
710 3439 817 3493 Iugurtha
831 3440 875 3480 fide
890 3443 982 3495 publica
998 3447 1104 3484 evocatos
1116 3439 1141 3480 ad
