2424 3872
244 215 361 277 LIBER
374 217 506 278 XXXIX
527 218 611 280 cAP.
625 226 724 282 1213.
744 225 784 294 [e.
800 219 911 295 c.1ss]
1025 217 1065 284 ll

81 367 133 444 qui
154 367 197 427 ab
218 367 272 426 iila
291 367 438 431 audisset.
465 369 543 431 XIII.
566 370 675 432 mulier
694 371 778 434 haud
799 372 906 446 dubie,
927 373 960 434 id
983 373 1065 448 quod

78 459 161 523 eret,
184 451 352 512 Aebutium
365 452 498 512 indicem
511 455 615 516 arseni
629 462 696 516 rate
710 469 783 516 esse
796 455 838 516 ed
851 457 950 531 pedes
964 455 1067 533 Sulpi·

82 535 148 596 eiae
163 534 307 610 procidit,
322 543 354 596 et
360 551 429 596 eam
439 537 539 612 primo
551 553 640 599 orare
652 536 764 614 eoepit,
780 552 820 599 ne
830 537 966 600 mulieris
976 539 1068 602 iiber-

82 619 164 680 tinae
186 633 257 678 eum
278 624 414 680 miratore
429 635 602 682 sermonem
622 621 653 682 in
672 636 738 682 rem
759 636 821 683 non
841 621 954 682 seriem
974 622 1067 685 modo

79 702 139 762 sed
160 702 324 778 capitalem
345 701 437 764 etiam
456 703 536 764 verti
550 705 656 766 vellet:
676 719 715 771 se
729 705 865 766 terrendi
879 703 949 766 eius
963 719 1068 778 sauss,

84 801 143 847 non
165 785 254 860 quod
267 785 361 846 sciret
375 787 554 862 quiequam,
577 801 615 847 ee
628 789 762 849 tocumm
776 803 858 850 esse.
894 786 944 848 hie
957 785 1067 849 Postu-

82 869 161 928 mius
181 883 336 930 accensus
355 868 402 929 ira
418 875 483 931 tum
504 886 630 946 quoque
650 869 692 932 sit
711 886 779 932 eam
799 886 870 932 mim
884 870 1018 932 Aebutio
1034 884 1070 931 se

83 959 220 1013 amatore
234 950 372 1012 cavillari
386 953 524 1026 credere,
537 969 600 1014 non
614 951 646 1014 in
657 953 749 1015 domo
763 954 968 1030 gravissimae
982 951 1069 1014 ismi-

82 1050 141 1096 nas
155 1042 187 1095 et
200 1049 271 1102 eum
285 1036 414 1096 consule
429 1037 525 1111 loqui.
546 1043 577 1098 et
591 1035 729 1112 smpteia
739 1038 880 1100 attollere
894 1045 1068 1112 paventem,

80 1119 173 1179 simul
191 1119 276 1178 itmm
295 1117 467 1196 adhortari,
488 1119 577 1180 simut
598 1119 674 1181 irem
686 1120 794 1196 generi
807 1121 914 1182 tenire.
944 1119 1069 1182 tandem

83 1201 276 1277 confirmate,
296 1204 424 1263 multum
439 1202 581 1264 incusata
594 1203 727 1279 perfidie
738 1202 879 1277 Aebutii,
895 1201 948 1277 qui
961 1201 1071 1278 optimi

72 1284 116 1368 ⁸in
130 1300 167 1346 eo
186 1285 258 1360 ipso
277 1284 377 1345 meriti
396 1287 489 1348 tutem
508 1287 636 1360 gratiam
650 1286 832 1360 rettulisset,
852 1301 996 1361 magnum
1010 1284 1071 1346 eibi

83 1376 194 1429 metum
215 1367 359 1443 deorum,
383 1385 514 1446 quorum
536 1369 657 1432 occulte
670 1369 754 1430 initia
767 1369 953 1444 enuntiaret,
974 1369 1069 1430 meio·

82 1467 146 1512 rem
167 1452 262 1512 multo
283 1450 361 1513 dixit
380 1451 536 1512 hominum
551 1468 638 1527 esse,
660 1453 712 1529 qui
728 1468 763 1513 se
778 1451 911 1514 indieem
925 1451 1068 1514 menibus

82 1535 147 1596 suis
162 1533 349 1610 discor-puri
361 1542 475 1597 essent.
498 1536 601 1612 itaque
611 1535 671 1598 hoe
683 1552 719 1598 se
730 1535 907 1612 Sulpiciam,
922 1535 982 1596 hoe
994 1550 1068 1596 eon·

78 1619 180 1680 sulem
200 1633 306 1693 orare,
324 1627 358 1679 m
377 1635 413 1679 se
433 1625 520 1680 extre
532 1619 648 1680 ltaliam
661 1620 765 1696 atique
780 1619 995 1693 emenmtent,
1016 1616 1069 1679 ubi

83 1703 236 1778 reliquum
253 1699 337 1761 vitae
356 1703 470 1778 degere
484 1709 550 1765 tute
564 1711 683 1782 posset
716 1702 799 1764 bono
814 1702 916 1764 anino
932 1716 1005 1762 esse
1020 1698 1066 1761 iu·

82 1785 154 1845 bere
166 1800 239 1848 eam
254 1787 374 1857 coemit
387 1793 420 1846 et
432 1784 492 1847 sibi
507 1801 602 1847 eume
615 1786 682 1846 tore
696 1785 810 1860 dicere,
824 1791 859 1846 ut
871 1785 989 1846 Romae
1002 1789 1067 1845 tuto

82 1867 456 1944 habitaret'tumffispala
463 1868 613 1945 originem
624 1865 951 1943 seerorumexpromit
965 1859 1109 1942 prim0)<

76 1951 250 2012 samarium
264 1948 297 2010 id
308 1952 490 2013 feminarum
504 1952 618 2024 tuisse,
640 1966 698 2012 nee
713 1965 900 2026 quemquem
913 1963 951 2010 eo
966 1948 1067 2008 virum

81 2032 197 2096 admitti
212 2034 345 2096 astitum
368 2043 430 2096 tres
444 2037 475 2096 in
490 2051 571 2098 aneo
587 2041 684 2097 statos
699 2033 768 2094 dies
781 2031 940 2108 habuisse,
956 2030 1068 2108 quibu·

80 2116 215 2178 interdiu
227 2116 361 2178 aseritis
375 2118 590 2190 intrimentm·
602 2117 782 2180 smerdotss
796 2117 826 2179 in
841 2116 941 2177 vicem
954 2121 1067 2176 metro·

80 2217 138 2261 nas
154 2199 255 2262 eremi
266 2199 386 2262 solies
408 2201 562 2263 ramirum
573 2202 907 2278 Anniem‘csmpanmn
922 2198 1068 2260 sacerdo·

82 2292 141 2345 tem
160 2283 283 2357 etruria,
305 2291 458 2360 tamquarm
479 2287 570 2347 deum
582 2285 714 2359 monitu,
734 2283 930 2346 immutasset
952 2298 1022 2342 nmn
1038 2287 1069 2341 et

79 2370 164 2428 viros
180 2383 250 2427 eam
265 2368 393 2442 primam
407 2383 483 2430 suos
495 2368 579 2430 ffliss
593 2368 746 2442 initiasse,
766 2368 893 2430 Minium
907 2372 939 2426 et
950 2365 1065 2426 Heron·

80 2452 163 2512 nium
180 2448 354 2520 Cerrinium
375 2461 406 2512 et
424 2458 604 2513 noeenmum
624 2465 747 2527 sacrum
762 2467 803 2512 ex
817 2449 944 2521 diurno,
965 2453 996 2508 et
1008 2461 1067 2522 pro
1147 2447 1150 2454 “

79 2535 178 2595 tribus
199 2533 232 2594 in
253 2550 334 2596 anno
355 2533 465 2596 diebus
483 2536 594 2610 quinos
609 2533 738 2610 singulis
752 2533 912 2596 mensibus
926 2531 995 2591 dies
1009 2527 1066 2589 ini·

84 2618 192 2679 tiorum
214 2616 339 2678 ieeisse.
369 2633 411 2678 ex
432 2635 492 2692 quo
514 2619 545 2679 in
566 2616 744 2694 promiscuo
765 2631 856 2677 secra
878 2613 940 2672 sint
953 2620 983 2673 et
996 2627 1066 2686 per·

1 2709 16 2762 t,
81 2702 167 2762 mixti
189 2701 250 2762 viri
270 2699 407 2774 reminis,
429 2709 460 2762 et
473 2701 574 2763 noetis
593 2700 716 2760 lieentia
730 2693 912 2767 secesserit,
937 2693 1011 2756 nihii
1025 2692 1067 2755 ibi

81 2779 239 2859 iseinoris,
254 2783 329 2844 nihii
343 2783 450 2859 flagitii
463 2780 723 2861 praetermissum.
744 2783 834 2858 plura
844 2780 978 2840 virorum
989 2777 1068 2839 Inter

78 2879 154 2927 sese
168 2881 264 2943 quam
281 2867 460 2929 seminarum
475 2884 546 2929 esse
561 2876 677 2942 stupra.
700 2863 791 2941 siqui
801 2865 903 2925 mimus
912 2861 1067 2939 patientes

1 2979 2 2998 ι
80 2950 248 3012 dedecoris
262 2949 325 3011 sint
339 2959 370 3011 et
383 2950 534 3025 pigriores
548 2948 729 3026 adiecimus,
743 2965 801 3025 pro
815 2946 946 3008 victimis
960 2945 1066 3006 immo·

82 3034 147 3093 leri.
181 3033 255 3094 nihii
274 3035 363 3094 metas
378 3035 505 3108 ducere,
524 3033 606 3096 hene
620 3048 769 3094 summram
783 3031 930 3092 intereos
943 3030 1065 3105 religio·

83 3131 153 3177 nem
168 3133 250 3178 esse.
283 3116 378 3188 vires,
394 3116 478 3176 velut
490 3125 592 3178 meme
607 3123 705 3191 mpta,
721 3131 791 3178 eum
805 3115 967 3176 iactatione
982 3114 1066 3173 iana·

84 3199 144 3260 tica
164 3199 305 3276 eorporis
318 3199 494 3269 vatinium&
514 3208 671 3263 memoras
682 3198 874 3260 Beeeharum
885 3196 994 3258 habitu
1009 3194 1066 3256 eri·

86 3283 175 3344 ninus
187 3280 306 3359 sparsis
317 3282 571 3345 eummdentibus
583 3282 702 3344 facibus
710 3283 874 3344 decurrere
880 3277 1067 3348 sdTiberim,

1 3431 2 3434 Ἴ
85 3366 304 3442 demissasque
323 3367 354 3426 in
374 3381 488 3442 equam
510 3368 610 3440 faces,
638 3364 710 3442 quie·
728 3363 832 3427 vivum
853 3362 983 3439 sulphur
997 3375 1066 3432 crim

86 3452 173 3510 ealce
187 3450 266 3526 insit,
280 3450 398 3528 integra
414 3448 538 3510 flamma
550 3449 671 3509 efferre.
697 3457 802 3526 raptos
819 3465 838 3507 a
853 3445 911 3506 diis
926 3441 1066 3501 homines

65 3267 74 3284 .
