2424 3872
172 216 212 281 ro
312 210 569 274 ntaunrumrx.
592 209 674 269 cnr.
688 216 730 273 ιι.
744 217 785 272 re.
809 161 845 282 [ι’.
859 212 892 266 n.
906 215 1004 282 ..neq

168 368 330 428 multorum
351 365 476 425 nomina
495 363 605 423 delata.
638 359 762 437 quidam
776 374 816 419 ex
831 358 867 419 iis
882 359 939 418 viri
954 357 1147 435 lemiuaequa

168 458 295 512 mortem
310 448 368 508 sibi
383 445 607 508 consciverunt.
627 443 807 505 coniurasse
822 457 918 517 supra
932 448 1051 516 septem
1065 443 1149 503 milia

127 559 141 604 a
167 534 303 596 virorum
322 547 359 591 ac
378 531 539 592 mulierum
560 525 747 589 dicebantur.
772 525 875 603 ,capita
893 533 992 586 autem
1008 525 1149 586 coniura-

169 618 259 680 tionis
281 614 441 676 constabat
463 626 535 672 esse
553 610 593 670 Μ.
608 617 639 670 et
654 609 685 670 0.
700 608 820 669 Atinios
843 609 882 668 de
903 608 993 684 plebe
1007 608 1145 669 Romana

168 707 199 762 et
216 698 370 760 Faliscum
390 697 423 756 L.
441 694 627 771 Opiternium
647 701 677 754 et
695 692 822 753 Minium
838 689 1004 753 Cerrinium
1019 691 1146 766 Campa·

167 800 255 845 num=
278 781 316 841 ab
332 779 379 839 his
397 779 498 840 omnia
512 777 648 838 facinora
662 783 692 838 et
706 774 822 853 flagitia
835 783 910 847 orta,
926 789 981 834 eos
995 774 1146 836 maximos

168 866 347 926 sacerdotes
362 862 600 936 conditoresque
614 861 680 921 eius
693 861 773 920 sacri
789 874 870 920 esse.
893 858 964 918 data
979 866 1146 933 operaest,

167 957 201 1010 ut
223 948 321 1023 primo
343 960 468 1022 quoque
489 951 626 1020 tempore
648 943 987 1019 comprehenderentur.
1023 940 1149 1002 adducti

168 1032 208 1091 ad
224 1030 368 1093 consules
379 1029 516 1104 lassique
527 1027 567 1087 de
578 1042 613 1088 se
623 1029 736 1088 nullam
747 1042 863 1087 morum
874 1024 988 1086 iudicio
1000 1025 1148 1085 iecerunt.

167 1113 275 1173 lell.
305 1119 438 1173 ceterum
463 1117 546 1171 tanta
567 1111 640 1185 luga
660 1127 700 1170 ex
718 1110 795 1170 urbe
815 1110 895 1169 lacta
915 1115 994 1182 erat,
1020 1114 1054 1168 ut
1076 1108 1149 1183 quia

168 1197 269 1256 mullis
291 1197 428 1256 actiones
451 1204 482 1254 et
493 1209 545 1254 res
566 1191 720 1268 peribant,
741 1198 924 1268 cogerentur
940 1196 1099 1266 praetores
1113 1192 1148 1250 T.

168 1278 307 1339 Maenius
329 1286 359 1340 et
371 1279 412 1338 Μ.
428 1277 561 1338 Licinius
583 1292 639 1351 per
658 1284 797 1337 senatum
817 1292 874 1344 res
889 1274 1015 1340 indiam
1029 1273 1148 1346 tricesi-

168 1378 251 1422 mum
265 1361 415 1436 differre,
442 1361 541 1420 donec
562 1360 758 1435 quaestiones
780 1374 799 1418 a
819 1357 995 1420 consulibus
1018 1356 1148 1431 perlice-

167 1450 282 1504 rentur.
316 1443 424 1502 eadem
440 1441 588 1514 solitudo,
612 1442 684 1516 quia
698 1442 815 1502 Romae
830 1459 891 1504 non
907 1441 1148 1516 respondebant,

168 1541 226 1585 nec
250 1525 483 1586 inveniebantur
509 1539 638 1598 quorum
659 1525 781 1584 nomina
802 1525 902 1586 delata
923 1531 1022 1597 erant,
1047 1524 1151 1598 coegit

168 1609 313 1669 consules
334 1608 502 1668 circatore
522 1607 677 1682 proticisci
697 1608 800 1682 ibique
823 1621 971 1683 quaerere
991 1606 1150 1668 etiudicia

133 1703 136 1711 ’
168 1705 323 1752 exercerc.
353 1689 406 1766 qui
427 1697 541 1751 tantum
560 1688 668 1750 initiati
683 1696 783 1763 erant,
809 1699 839 1752 et
853 1707 892 1752 ex
907 1691 1040 1750 carmine
1054 1704 1147 1750 sacro

168 1781 335 1848 praeeunte
351 1773 443 1833 verba
454 1774 616 1834 sacerdote
626 1774 820 1849 precationes
833 1776 976 1847 fecerant,
991 1772 1149 1847 inquibus

169 1856 303 1922 nefanda
323 1857 490 1918 coniuratio
507 1857 536 1916 ln
553 1873 643 1918 omne
657 1857 775 1918 facinus
791 1872 827 1917 ac
842 1856 996 1917 libidinem
1010 1855 1149 1917 contine·

170 1940 271 2014 batur,
294 1956 351 2001 nec
365 1955 468 2000 aarum
482 1956 583 2001 rerum
596 1941 704 2013 ullam,
719 1939 751 2001 in
767 1957 845 2015 quas
860 1939 1053 2000 iureiurando
1070 1939 1150 1998 obli-

168 2023 229 2097 gati
245 2030 345 2095 erant,
367 2024 397 2082 in
413 2038 449 2082 se
463 2030 515 2083 aut
528 2025 605 2084 alios
621 2023 820 2096 admiserant,
837 2040 892 2084 eos
906 2021 937 2084 in
952 2022 1083 2084 vinculis
1097 2037 1148 2082 re·
1207 2079 1209 2084 .

168 2105 363 2178 linquebant:
396 2103 448 2178 qui
470 2107 584 2180 stupris
604 2113 656 2165 aut
675 2107 821 2167 caedibus
843 2106 947 2168 violati
968 2112 1068 2177 erant,
1094 2104 1150 2180 qui

170 2186 255 2246 lalcis
268 2185 458 2260 testimoniis,
474 2187 569 2261 signis
582 2187 769 2264 adulterinis,
782 2187 971 2251 subiectione
981 2195 1149 2250 testamen-

170 2275 278 2342 torum,
294 2269 453 2329 fraudibus
469 2269 535 2329 aliis
551 2270 754 2346 contaminati,
770 2287 825 2333 eos
839 2272 961 2347 capitali
976 2287 1077 2346 poena
1092 2271 1149 2330 ad-

169 2351 321 2411 iiciebant.
354 2353 458 2426 plures
484 2354 583 2413 necati
607 2370 698 2427 quam
719 2356 749 2414 in
772 2355 894 2416 vinceda
915 2353 1042 2415 coniecti
1063 2361 1148 2414 sunt.

168 2448 278 2507 magna
297 2433 390 2493 visin
412 2441 541 2509 utraque
563 2450 658 2498 causa
680 2437 813 2498 virorum
836 2438 1058 2512 mulierumque
1079 2436 1148 2497 luit.

168 2513 310 2576 mulieres
326 2517 483 2577 damnatas
500 2520 647 2594 cognatis,
668 2526 721 2580 aut
733 2520 764 2580 in
780 2537 909 2597 quorum
923 2536 1015 2580 manu
1029 2527 1148 2594 essent,

168 2599 341 2674 tradebant,
364 2606 398 2660 ut
415 2601 478 2675 ipsi·
496 2601 526 2660 in
548 2601 668 2676 privato
689 2603 964 2664 animadverterent
978 2602 1008 2663 in
1024 2613 1094 2664 ease
1119 2602 1147 2664 si

168 2696 258 2741 nemo
280 2691 344 2743 crat
358 2683 487 2744 idoneus
507 2686 649 2761 supplicii
664 2693 804 2761 exactor,
826 2687 856 2746 in
870 2686 992 2761 publico
1008 2686 1147 2746 animad-

168 2765 351 2825 vertebatur.
388 2767 490 2827 daturn
514 2768 625 2828 deinde
650 2769 828 2830 consulibus
849 2771 1001 2846 negotium
1022 2775 1084 2843 est,
1113 2775 1148 2829 ut

125 2855 150 2906 Χ
168 2845 271 2904 omnia
283 2845 486 2909 Bacchanalia
499 2850 616 2910 Romae
631 2852 769 2926 primum,
784 2850 894 2911 deinde
908 2867 965 2927 per
979 2859 1073 2912 totam
1086 2852 1146 2912 lta·

167 2928 596 3005 lianrdiruerentextraquam
608 2934 704 3008 siqua
715 2934 756 2995 ibi
768 2940 887 2994 vetusta
898 2942 1011 2996 araaut
1022 2933 1146 3008 signum

168 3013 379 3071 consecratum
395 3021 487 3073 esset.
525 3016 553 3074 in
569 3017 719 3090 reliquum
733 3015 845 3077 deinde
860 3024 984 3078 senatus
1000 3018 1145 3078 consulto

168 3100 287 3152 cautum
314 3101 375 3168 est,
401 3110 440 3155 ne
465 3114 526 3170 qua
546 3099 748 3160 Bacchanalia
767 3100 884 3160 Romae
906 3115 984 3159 neve
1008 3099 1146 3160 initalia

167 3183 281 3235 essent.
307 3176 334 3236 si
355 3177 423 3250 quis
444 3181 504 3239 tale
524 3197 644 3241 sacrum
658 3182 805 3242 sollemne
820 3191 851 3244 et
863 3181 1072 3244 necessarium
1088 3183 1146 3243 du·

168 3265 264 3328 ceret,
280 3273 338 3318 nec
352 3260 419 3321 sine
433 3261 581 3336 religione
595 3272 626 3323 et
638 3263 758 3338 piaculo
774 3280 809 3324 se
823 3266 854 3324 id
869 3264 1018 3344 dimittere
1032 3281 1144 3341 posse,

168 3343 250 3417 apud
271 3349 443 3420 praetorem
463 3345 611 3405 urbanum
633 3345 837 3422 profiteretur,
860 3355 983 3422 praetor
1000 3356 1144 3410 senatum

168 3427 350 3490 consuleret.
378 3426 448 3488 slei
463 3425 646 3504 permissum
661 3439 753 3504 esset,
769 3446 837 3490 cum
851 3432 881 3490 in
897 3437 1004 3493 senatu
1019 3438 1146 3494 centum
