2364 3862
232 193 347 254 LIBER
360 193 464 252 XLIV.
487 193 570 252 CAP.
585 201 611 253 4.
623 203 649 255 5.
672 201 709 268 [a.
721 201 755 259 O.
768 202 829 268 169]
956 197 1018 260 213

46 355 132 422 atque
146 344 236 406 etiam
251 343 403 420 periculo,
429 343 588 406 secedenti
600 362 640 406 ex
654 347 866 422 superioribus
881 353 958 412 locis
973 355 1018 414 in·

45 439 119 492 stare
139 429 238 490 hastis
261 435 396 502 poterat;
426 443 484 487 nec
505 429 586 488 aliud
608 431 744 492 restabat
765 449 856 508 quam
872 436 1019 497 audacter

44 514 234 575 commissum
249 511 398 587 pertinaci
413 513 551 584 audacia,
575 530 654 588 quae
670 516 806 589 prudens
821 518 972 579 interdum
987 520 1018 580 in

45 597 119 660 exitu
133 603 191 670 est,
207 597 371 669 corrigere.
387 603 510 656 ventum
527 596 651 671 quidem
666 605 732 658 erat
745 615 792 673 eo,
808 607 840 660 ut
854 602 881 661 si
895 602 1016 664 hostem

45 681 162 741 similem
184 679 321 754 antiquis
343 679 547 740 Macedonum
566 680 690 754 regibus
717 682 876 744 habuisset
896 689 1015 759 consul,

43 780 144 839 magna
165 764 273 823 clades
294 761 394 838 accipi
413 764 556 838 potuerit
577 765 635 824 sed
655 781 724 825 cum
744 767 784 825 ad
797 769 885 828 Dium
901 786 957 845 per
970 771 1015 831 lit·

44 857 102 908 tora
114 863 185 907 cum
200 847 357 922 equitibus
371 855 535 920 vagaretur
545 863 610 922 rex,
625 854 656 907 et
668 851 707 909 ab
719 850 882 911 duodecim
893 853 1016 914 milibus

42 945 130 1008 prope
152 932 322 991 clamorem
341 937 372 988 et
392 930 551 1006 strepitum
576 933 774 1007 pugnantium
799 936 933 1010 audiret,
958 953 1016 997 nec

42 1016 116 1075 auxit
139 1016 251 1090 copias
276 1013 413 1088 integros
440 1014 532 1074 iessis
556 1016 781 1090 summittendo,
810 1033 912 1094 neque
935 1022 1014 1096 ipse,

4 1177 5 1180 Ἴ
42 1101 116 1174 quod
130 1099 297 1174 plurimum
311 1098 463 1171 intererat,
486 1098 642 1158 certamini
656 1100 759 1174 adluit,
776 1117 844 1161 cum
858 1103 1014 1164 Romanus

3 1237 4 1240 ,
40 1181 197 1258 imperator
217 1183 314 1242 maior
341 1180 503 1256 sexaginta
522 1181 610 1242 annis
632 1190 663 1242 et
683 1184 861 1258 praegravis
883 1202 1014 1262 corpore

41 1267 132 1326 omnia
152 1265 296 1326 militaria
315 1281 442 1326 munera
461 1265 531 1340 ipse
551 1266 681 1341 impigre
701 1266 807 1328 obiret.
836 1271 959 1344 egregie
975 1270 1014 1329 ad

39 1349 168 1411 altimum
191 1351 223 1408 in
244 1349 391 1408 audacter
407 1348 574 1410 commisso
589 1352 817 1425 perseveravit;
840 1361 870 1413 et
882 1353 1012 1429 Popillio

3 1423 5 1488 l
39 1433 135 1495 relicto
156 1435 190 1492 in
213 1433 354 1493 custodia
375 1432 452 1507 iugi,
476 1448 529 1508 per
542 1434 625 1493 invia
638 1440 905 1512 transgressurus,
925 1455 1013 1513 prae·

3 1493 5 1570 l
39 1517 132 1578 missis
156 1517 212 1592 qui
232 1524 435 1592 repurgarent
454 1518 523 1590 iter,
545 1519 679 1578 Attalum
693 1526 724 1579 et
741 1519 927 1594 Misagenem
944 1538 1009 1586 cum

40 1617 105 1662 suae
125 1602 229 1677 gentis
249 1608 414 1674 utrumque
429 1601 628 1661 auxiliaribus
643 1602 799 1675 praesidio
814 1620 886 1664 esse
902 1606 1011 1666 saltum

3 1693 5 1764 l
41 1685 243 1760 aperientibus
259 1685 351 1758 iubet,
372 1683 441 1758 ipse
456 1685 577 1759 equites
591 1685 871 1762 impedimentaque
886 1704 961 1762 prae
976 1703 1012 1746 se

3 1785 5 1850 t
39 1769 150 1830 habens
178 1784 249 1828 cum
274 1767 448 1842 legionibus
473 1783 583 1842 agmen
608 1769 698 1843 cogit.
729 1770 768 1830 V.
801 1769 1011 1830 inenarrabilis

39 1853 116 1914 labor
131 1852 395 1930 descendentibus
410 1866 479 1910 curn
493 1852 581 1911 ruina
594 1852 795 1912 iumentorum
810 1853 1011 1912 sarcinarum·

40 1953 100 2012 que.
134 1936 313 2012 progressis
338 1935 463 1994 vixdum
490 1943 633 2009 quattuor
657 1935 740 1994 milia
764 1951 912 2011 passuum
939 1936 1012 1995 nihil

40 2020 197 2095 optabilius
224 2033 296 2078 esse
318 2034 410 2092 quam
431 2018 532 2078 redire
554 2035 615 2094 qua
636 2029 797 2094 venerant,
824 2020 851 2079 si
872 2028 1011 2094 possent.

39 2103 174 2164 hostilem
203 2119 301 2178 prope
329 2104 486 2162 tumultum
508 2102 620 2176 agmini
640 2102 792 2178 elephanti
815 2102 1011 2179 praebebant,

2 2237 3 2252 ,
40 2189 84 2262 qui
102 2189 155 2248 ubi
178 2189 218 2246 ad
238 2185 322 2246 invia
341 2192 503 2258 venerant,
530 2186 657 2247 deiectis
671 2187 842 2248 rectoribus
857 2202 925 2246 cum
941 2187 1011 2246 hor·

2 2277 3 2346 t
40 2273 127 2331 rendo
140 2270 274 2332 stridore
289 2284 435 2344 pavorem
451 2269 612 2343 ingentem,
628 2271 868 2346 equismaxirne,
884 2273 1009 2330 incutie-

2 2356 3 2436 ᾖ
41 2353 117 2429 hant,
139 2356 242 2415 donec
262 2352 442 2414 traducendi
463 2367 519 2413 eos
541 2353 618 2413 ratio
639 2354 713 2414 inita
726 2361 782 2414 est.
805 2370 861 2430 per
875 2357 1011 2428 proclive

2 2443 3 2524 ξ
41 2447 155 2515 sumpto
168 2439 289 2512 fastigio
304 2436 387 2511 longi
399 2436 461 2497 duo
473 2437 566 2496 validi
580 2452 705 2497 asseres
719 2453 758 2496 ex
769 2437 914 2497 interiore
924 2444 1012 2512 parte

2 2538 3 2612 t
40 2522 159 2582 interra
174 2521 395 2596 deligebantur,
419 2520 566 2580 distantes
582 2519 661 2581 inter
676 2536 711 2580 se
725 2522 819 2596 paulo
834 2521 904 2593 plus
920 2535 1010 2594 quam

2 2624 3 2682 l
41 2614 147 2678 quanta
161 2607 282 2665 belluae
296 2604 423 2665 latitudo
439 2611 500 2662 est:
521 2605 551 2663 in
563 2619 619 2664 eos
630 2611 807 2664 transverso
819 2602 1011 2661 incumbente
1086 2677 1088 2682 Ι

2 2695 3 2772 l
39 2688 116 2764 ligno
131 2690 173 2750 ad
188 2689 323 2748 tricenos
337 2687 421 2761 longi
437 2688 545 2762 pedes
560 2694 594 2746 ut
608 2701 689 2761 pons
705 2693 797 2760 esset,
811 2685 1011 2759 iniungeban-

2 2795 3 2850 ς
41 2781 96 2848 tur,
117 2774 294 2847 humusque
316 2772 443 2845 insuper
457 2771 645 2830 iniciebatur.
664 2769 786 2830 modico
808 2769 920 2828 deinde
935 2768 1011 2828 inira

2 2901 3 2912 2
41 2855 193 2917 intervallo
209 2856 317 2916 similis
332 2856 407 2914 alter
422 2871 512 2929 pons
528 2855 598 2913 dein
614 2855 729 2929 tertius,
745 2862 776 2914 et
791 2855 893 2927 plures
908 2869 947 2913 ex
963 2870 1011 2912 or-

42 2940 114 3012 dine,
133 2957 195 3016 qua
204 2955 301 3015 rupes
312 2939 454 2999 abscisae
466 2945 560 3011 erant,
574 2938 697 2998 fiebant.
712 2938 812 2997 solido
825 2938 1012 3012 procedebat

42 3024 181 3098 elephans
200 3025 232 3083 in
254 3030 392 3098 pontem3
415 3022 502 3081 cuius
518 3021 698 3096 priusquam
712 3021 741 3080 in
757 3029 925 3082 extremum
942 3037 1011 3096 pro-

43 3108 173 3179 cederet,
196 3107 328 3167 succisis
349 3105 508 3165 asseribus
530 3107 688 3179 collapsus
704 3121 782 3180 pons
799 3107 952 3180 usquead
968 3106 1010 3162 al-

43 3189 127 3250 terius
152 3189 268 3251 initium
296 3189 397 3264 pontis
424 3188 540 3262 prolabi
566 3205 635 3248 eum
661 3190 768 3249 leniter
794 3191 933 3264 cogebat.
962 3186 1011 3249 alii

43 3273 188 3347 elephanti
209 3272 342 3348 pedibus
362 3272 554 3346 insistentes,
583 3270 633 3331 alii
655 3273 793 3333 clunibus
815 3272 1012 3332 subsidentes

43 3357 281 3428 prolabebantur.
303 3356 356 3416 ubi
370 3355 512 3430 planities
528 3356 622 3414 altera
637 3357 739 3429 pontis
755 3355 931 3428 excepisset
944 3367 1010 3424 eos,

44 3451 141 3501 husus
162 3440 252 3501 simili
265 3439 354 3499 ruina
369 3437 521 3498 inferioris
541 3437 644 3514 pontis
661 3439 889 3508 deferebantur,
913 3435 1012 3494 donec
