2364 3862
216 183 329 248 LIBER
341 185 431 248 thl.
456 187 539 248 cAP.
554 195 598 251 ee.
609 195 653 252 et.
676 195 712 264 [a.
725 195 757 248 c.
769 193 830 270 171]
948 193 1011 259 lde

55 337 149 400 auxilia
163 338 320 400 Cretenses
334 338 493 400 misissent
505 368 561 414 -,
576 339 724 400 Numidae
736 340 806 401 item
818 342 937 418 equites
949 349 1008 408 ele·

54 421 208 499 phnntique.
236 423 267 482 in
289 439 355 482 eam
375 439 441 484 rem
462 422 554 498 legati
575 423 615 482 ad
635 423 832 485 Masinissam
854 425 1008 504 Carthagi-

53 506 216 580 niensesque
232 506 320 566 missi
336 506 371 566 L.
388 506 562 567 Postumius
579 507 710 568 Albinus
723 506 756 582 Q.
769 509 927 572 Terentius
940 511 1008 574 cul-

52 591 89 649 leo
107 589 132 648 c.
151 588 296 650 Aburius.
325 590 355 648 in
377 589 497 650 cretam
516 590 588 650 ltem
609 589 727 665 legatos
748 598 811 652 tres
825 589 871 652 Ire
885 595 1007 670 placuit,

52 673 78 731 l.
87 671 264 732 Postumium
275 672 420 733 Albinum
433 673 463 734 (i.
475 672 643 734 Decimium
654 677 692 737 A.
703 675 851 736 LicinIum
867 676 1007 738 Nervam.

106 755 242 815 XXXVI.
267 755 326 817 Per
347 756 429 817 idem
442 763 564 832 tempus
578 757 669 832 legati
683 758 722 818 ab
736 773 810 833 rege
823 758 939 823 Perseo
955 778 1006 822 ve·

54 847 147 898 nerunt.
174 855 229 900 eos
251 839 283 899 in
299 839 449 916 oppidum
462 839 617 901 intromitti
632 857 693 902 nou
708 841 837 917 placuit,
863 860 931 906 cum
946 842 1006 906 iarn

50 921 138 982 belum
156 925 221 998 regi
238 939 352 985 eorum
372 932 403 984 et
417 923 639 986 Macedonibus
660 931 691 986 et
704 932 829 987 senatus
844 927 1005 990 decresset

50 1006 200 1080 etpcpelus
213 1007 372 1070 iussisset.
394 1008 425 1067 in
439 1007 548 1067 aedem
559 1007 704 1069 Bellonae
715 1008 746 1068 in
758 1017 899 1071 senatum
911 1010 1004 1073 lntrc-

14 1089 16 1152 ᾗ
50 1087 110 1149 ducti
129 1089 168 1150 ita
188 1091 286 1152 verba
309 1093 460 1165 lecerunt,
485 1089 587 1151 mirari
606 1090 719 1152 Persea
738 1106 856 1165 regem,
880 1094 954 1170 quid
974 1095 1004 1154 in

14 1179 16 1254 p
49 1169 233 1236 llccedoniam
261 1175 415 1235 exercitus
436 1176 633 1248 transportati
654 1182 773 1235 essent=
800 1175 828 1234 si
849 1174 1002 1250 impetrari

48 1265 171 1318 asenntu
191 1265 316 1334 posset,
339 1265 373 1321 ut
392 1259 412 1318 ii
432 1264 630 1330 revocentur,
645 1272 750 1332 regem
764 1257 804 1316 de
818 1256 950 1333 iniuriis,
977 1260 1002 1324 si

14 1343 16 1452 ι
49 1353 107 1414 quas
127 1341 217 1402 sociis
240 1344 339 1403 lactus
360 1345 575 1416 quererentur,
599 1341 745 1402 arbitratu
766 1348 891 1402 senatus
913 1343 1001 1402 sutis-

14 1457 16 1500 ,
48 1422 171 1487 tactuum
184 1441 268 1487 esse.
292 1424 346 1500 Sp.
363 1424 510 1486 Carvilius
525 1424 564 1486 ed
580 1439 648 1484 earn
662 1424 762 1500 ipsam
776 1440 840 1484 rem
855 1441 894 1484 ex
910 1426 1000 1486 Grae

14 1529 17 1604 μ
47 1503 82 1564 cin
92 1510 230 1570 remissus
246 1509 287 1570 ab
300 1509 352 1568 Cn.
366 1507 481 1570 Sicinio
496 1509 527 1567 ln
540 1514 650 1570 senatu
660 1515 733 1570 erat.
750 1507 777 1570 is
788 1507 1001 1570 Perrhaebiam

14 1605 16 1646 ι
48 1600 226 1668 expugnatam
235 1593 342 1666 armis,
353 1592 531 1654 Thessaliae
543 1591 659 1668 aliquot
669 1592 763 1652 urbes
772 1597 887 1667 ceptus,
901 1599 1002 1652 cetera

14 1667 16 1760 ᾗ
48 1682 552 1752 quaeautageretautpararetrex,
566 1691 634 1736 eum
645 1675 1001 1750 argueret,respcndcre
1052 1701 1054 1705 ·

14 1767 16 1830 p
47 1755 76 1815 ad
90 1773 122 1818 ea
140 1761 229 1836 legati
249 1759 339 1820 iussi.
368 1767 534 1834 postquam
548 1757 754 1832 haesitabant,
780 1765 927 1832 negantes
943 1757 1000 1818 sihi

14 1833 16 1920 l
46 1839 105 1900 ultra
118 1843 279 1921 quicquam
295 1845 472 1904 mandatum
482 1857 564 1916 esse,
579 1839 657 1902 iussi
667 1840 841 1902 renuntiare
852 1841 919 1914 regi
929 1856 1000 1898 ecn-

14 1927 16 1998 l
47 1923 121 1985 sulem
139 1927 169 1986 P.
189 1927 340 1988 Licinium
361 1926 448 1987 brevi
471 1940 540 1986 cum
557 1925 693 1996 exercitu
708 1924 840 1984 futurum
854 1922 884 1988 in
898 1921 1000 1982 Muce-

48 2005 119 2067 dcnla
128 2025 211 2072 esse:
232 2012 365 2084 adeum,
381 2011 408 2070 si
420 2007 640 2070 satisfacerem
653 2007 857 2078 animcesset,
871 2006 1001 2066 mitteret

47 2087 149 2163 legatos.
169 2096 300 2156 Romam
322 2095 406 2170 quod
422 2099 581 2169 praeterea
594 2091 739 2166 mitteret,
759 2107 822 2154 non
837 2105 924 2150 esse:
948 2105 1000 2149 ne-

46 2172 132 2236 ninem
155 2194 262 2240 corum
285 2195 342 2254 per
360 2178 476 2239 Italiam
497 2177 542 2238 ire
562 2175 722 2237 liciturum.
750 2175 791 2236 itu
812 2173 948 2234 dimissis
967 2172 999 2234 P.

14 2261 16 2314 t
47 2253 136 2322 Licinio
149 2259 272 2324 consuli
286 2262 471 2335 mandatum,
486 2261 565 2320 innn
577 2259 773 2320 undecimum
788 2257 868 2318 diem
883 2257 1001 2320 iuberet

14 2315 17 2462 ἰ
47 2353 87 2402 ecs
97 2345 175 2406 ltalia
189 2347 353 2419 excedere,
374 2352 405 2406 et
420 2344 474 2420 Sp.
490 2342 653 2406 Carvilium
667 2342 806 2414 mitteret,
822 2343 883 2416 qui,
898 2342 999 2404 donec

47 2438 130 2488 narem
145 2431 408 2505 conscendissent,
425 2427 602 2490 custodiret.
624 2426 702 2488 haec
714 2427 831 2486 Rornae
842 2431 910 2487 ecta
922 2440 997 2486 ncn-

47 2505 99 2570 dum
112 2517 254 2588 protectis
269 2515 299 2573 in
316 2512 505 2589 provinciam
521 2510 709 2573 consulibus.
934 2589 940 2601 Ι

108 2597 165 2658 lum
180 2600 232 2661 Gn.
250 2596 400 2670 Sicinius,
427 2596 480 2672 qui
500 2596 680 2672 priusquam
701 2591 879 2666 magistratu
893 2590 999 2663 abiret,

46 2671 214 2742 Brundisium
236 2683 277 2742 ud
292 2684 424 2742 classem
440 2688 470 2740 et
485 2680 525 2738 ad
538 2676 706 2738 exercitum
720 2673 910 2750 praemissus
926 2676 997 2767 erat,

47 2757 152 2826 traiectis
172 2767 203 2826 in
224 2767 352 2840 Epirum
371 2762 510 2839 ¹quinque
529 2761 650 2822 milibus
677 2759 828 2836 peditum,
855 2763 998 2818 trecentis

14 2887 15 2906 2
47 2844 186 2923 eunucus,
213 2850 253 2909 ad
267 2847 480 2928 Nymphaeum
496 2847 526 2906 in
540 2861 614 2921 agro
629 2841 816 2918 Apolloniati
831 2847 932 2904 castra
946 2839 997 2900 ha-

14 2973 16 2990 ,
42 2921 122 2992 hebet.
147 2933 218 2993 inde
239 2931 379 2993 tribunos
394 2947 463 2992 eum
478 2930 599 2990 duobus
613 2927 734 2989 milibus
749 2924 876 2987 militum
891 2925 932 2986 nd
947 2940 997 2986 oc-

14 3085 15 3090 *
48 3015 161 3084 uuanda
178 3016 428 3078 Dassaretiorum
450 3020 480 3074 et
498 3013 671 3092 Illyriorum
692 3012 834 3084 castella,
856 3010 934 3085 ipsis
950 3025 997 3069 nr-

47 3101 211 3160 tessentibus
233 3098 404 3176 praesidia,
426 3106 460 3159 nt
479 3097 606 3158 tutiores
628 3114 646 3155 a
666 3095 861 3156 finitimorum
882 3093 998 3170 impetu

14 3191 15 3244 i
47 3170 220 3246 Macedonum
242 3191 365 3256 essent,
385 3180 476 3243 misit.
509 3179 655 3240 XXXVII.
678 3179 786 3254 paucis
801 3185 873 3254 post
887 3177 996 3238 diebus

14 3285 15 3302 ¹
47 3255 70 3328 9·
81 3259 202 3330 Marcius
216 3267 382 3330 A.·Atillus
405 3272 435 3326 et
448 3265 481 3324 Ρ.
503 3271 533 3325 et
547 3263 613 3324 Ser.
630 3261 762 3323 cornelli
781 3262 900 3340 Lentuli
919 3268 948 3320 et
961 3259 994 3318 L.

46 3338 184 3426 Ileclnrius,
206 3351 299 3428 legati
319 3351 350 3410 in
373 3349 529 3410 Graeclam
550 3344 651 3420 missi,
674 3345 840 3424 Corcyram
861 3343 994 3418 peditum

14 3453 15 3466 ,
46 3423 106 3490 nile
123 3451 223 3498 secum
245 3437 453 3497 advexerunt:
485 3432 526 3492 ibi
547 3431 625 3492 inter
647 3445 682 3490 se
703 3435 734 3489 et
752 3428 895 3504 regiones
917 3441 992 3500 quas
