2364 3862
159 205 222 270 204
329 207 444 268 LIBER
456 207 559 267 XLIII.
582 208 665 268 CAP.
678 215 721 271 17.
736 217 778 272 18.
801 213 838 280 [a.
852 211 886 264 U.
898 229 923 264 c.
935 211 997 278 583]

160 361 283 438 quidem
309 358 419 420 seditio
440 367 519 434 erat,
545 359 601 420 sed
625 359 726 421 omnia
746 363 894 434 suspecta
915 355 1130 431 criminumque·

158 445 236 505 inter
254 445 342 519 ipsos
363 443 469 518 plena;
500 443 539 504 ob
560 455 641 516 quae
655 441 815 503 obsidibus
830 440 1009 516 postulatis,
1034 455 1126 514 neque

158 527 241 588 exitu
255 528 299 586 rei
314 527 458 602 imposito
470 527 501 586 in
512 526 714 586 Acarnaniam
727 525 799 584 inde
810 525 940 600 proiecti
952 521 1044 598 legati
1055 530 1125 584 sunt.

157 610 263 690 Thyrii
276 609 439 678 roncinum
452 608 562 684 legatis
576 612 757 670 Acarnanes
771 609 933 670 dederunt.
954 607 997 666 ibi
1013 621 1126 683 quoque

156 695 235 754 inter
255 691 404 754 laedones
424 700 491 754 erat
504 699 673 752 certamem
695 690 821 768 quidam
842 691 1018 767 principum
1032 697 1127 766 postu·

157 777 235 848 lare,
257 783 291 836 ut
310 776 466 851 praesidia
483 774 515 835 in
535 775 629 836 urbes
650 791 724 836 suas
746 775 966 836 inducerentur
987 774 1127 834 adversus

158 860 318 920 amentiam
333 873 449 931 eorum,
464 859 516 934 qui
531 860 571 920 ad
582 858 769 920 Macedonas
780 857 1007 920 Acarnanicam
1018 864 1127 932 gentem

157 941 332 1010 trahebant3
354 959 427 1018 pars
442 958 596 1016 recusare,
617 958 666 1016 ne,
688 943 773 1018 quod
786 942 868 1002 bello
884 942 984 1018 captis
1001 947 1032 1000 et
1043 941 1126 1000 hosti·

158 1024 217 1084 bus
232 1033 415 1098 lassasset,
435 1026 467 1085 id
490 1033 618 1101 pacatae
633 1034 663 1086 et
677 1026 782 1089 sociae
797 1025 936 1088 civitates
952 1023 1128 1100 ignominiae

107 1175 112 1186 ,
157 1107 342 1184 acciperent
364 1109 444 1170 insta
464 1109 641 1185 deprecatio
663 1109 741 1172 baec
761 1109 838 1168 visa
860 1107 1001 1172 Larisam
1023 1109 1128 1168 adilo-

158 1191 270 1252 stilium
290 1193 507 1268 proconsulem
525 1222 568 1240 -υ
588 1193 629 1258 ab
642 1207 680 1252 eo
695 1192 776 1256 enim
789 1192 877 1253 missi
891 1200 981 1254 erant
994 1223 1037 1236 -
1050 1189 1129 1266 legati

156 1274 320 1336 redierunt.
344 1275 502 1337 Octaviam
515 1276 638 1338 retinuit
658 1291 777 1349 secum,
798 1272 960 1354 Popillium
976 1291 1048 1336 cum
1061 1275 1129 1334 millo

158 1358 253 1418 terrm
266 1357 410 1418 militibus
425 1359 455 1418 in
471 1359 598 1420 hiberna
611 1359 805 1422 Ambraciam
820 1360 914 1420 misit.

240 1440 347 1500 xvttt.
375 1440 509 1502 Perseus
529 1442 679 1518 principle
695 1443 805 1503 hiemis
818 1443 924 1518 egredi
938 1443 1129 1504 Macedoniae

158 1521 271 1582 finibus
286 1539 348 1583 non
365 1539 471 1596 ausus,
486 1540 527 1585 ne
537 1541 600 1601 qua
609 1525 640 1586 in
651 1541 779 1600 regnum
792 1542 925 1588 vacuum
935 1526 1130 1602 irrumperent

158 1604 303 1680 Romani,
334 1607 393 1667 sub
413 1613 536 1684 tempus
555 1609 697 1683 bunnae,
723 1625 793 1670 oum
813 1610 1080 1685 inexsuperabiles
1098 1607 1130 1668 ab

156 1686 316 1750 Thessalia
328 1696 448 1754 montes
463 1691 542 1753 nivis
556 1692 685 1755 altitudo
700 1693 779 1766 iacit,
793 1695 993 1755 occasionem
1006 1709 1079 1754 esse
1090 1707 1130 1750 ra·

156 1778 207 1831 tus
218 1773 379 1848 frangendi
387 1773 583 1838 finitimorum
593 1791 669 1852 spes
681 1777 873 1852 animosque,
888 1793 928 1838 ne
940 1777 1020 1854 quid
1031 1791 1131 1838 averso

159 1868 193 1913 se
213 1856 243 1914 in
264 1856 435 1918 Romanurn
449 1859 560 1920 bellurn
579 1860 704 1934 periculi
718 1858 866 1936 adesset,
882 1875 952 1922 cnm
973 1877 995 1921 a
1015 1860 1133 1920 Thracia

159 1952 266 2012 paoem
282 1940 389 2018 cotys,
408 1941 448 2002 ab
461 1943 556 2018 Epiro
571 1942 723 2019 Cephalus
737 1944 898 2019 repentine
912 1943 1087 2006 delectione
1100 1941 1132 2002 ab

156 2020 303 2083 Romanis
317 2032 517 2100 praestarent,
532 2027 692 2088 Dardanos
706 2041 817 2088 recens
833 2027 1008 2094 domuisset
1019 2029 1133 2099 bellum,

159 2104 258 2164 solum
278 2104 422 2167 infestum
443 2123 515 2168 esse
529 2109 729 2172 Macedoniae
743 2111 839 2184 letus,
861 2112 947 2188 quod
961 2111 1003 2171 ab
1018 2111 1133 2190 Illyrico

157 2192 291 2261 pateret,
313 2204 458 2265 cernens,
482 2205 584 2267 neque
604 2193 682 2268 ipsis
704 2194 814 2268 quietis
835 2195 950 2272 Illyriis
971 2202 1005 2256 et
1026 2194 1132 2256 aditum

156 2268 374 2364 praebentibus
385 2273 541 2348 Romanis,
556 2277 583 2336 si
598 2277 768 2340 domuisset
782 2279 943 2352 proximos
954 2279 1131 2358 Illyriorum,

158 2351 297 2448 Gean
323 2371 448 2431 qaoque
474 2373 578 2433 regern
604 2359 665 2422 iam
684 2361 738 2422 diu
759 2361 885 2422 dubitem
905 2361 936 2420 in
958 2361 1133 2423 societatem

156 2433 264 2509 perlrcr
278 2452 383 2514 posse,
399 2455 469 2501 cum
483 2443 590 2504 decem
604 2443 726 2505 milibus
740 2444 893 2519 pediturn,
917 2461 1052 2520 quorum
1067 2459 1133 2519 pars

156 2515 351 2612 phalangitae
365 2532 465 2598 erant,
486 2533 517 2585 et
529 2525 654 2588 duobus
668 2527 791 2594 milibus
804 2529 917 2591 levirun
938 2543 1094 2588 armorum
1108 2534 1133 2586 et

157 2604 330 2675 quingentis
351 2607 504 2681 equitibus
521 2610 676 2684 proiectus
692 2609 853 2687 Stuberarn
869 2612 961 2672 venit.
987 2613 1063 2672 inde
1079 2612 1133 2670 iru-

155 2691 259 2744 mente
283 2690 483 2762 complurium
509 2692 626 2754 dierum
648 2701 786 2769 sumpto,
811 2695 963 2770 iussoque
985 2700 1134 2770 apparatu

156 2771 433 2864 Optumandarum
454 2775 572 2836 urbium
588 2775 686 2852 sequi,
701 2779 789 2840 tertio
805 2778 909 2838 dicad
924 2779 1132 2839 Uscanam-
1180 2847 1181 2854 ἶ

154 2849 353 2943 Penestianae
372 2861 473 2918 terrae
483 2876 520 2920 ea
539 2860 671 2920 maxima
690 2862 765 2924 urbs
787 2869 834 2922 est
847 2890 889 2902 -
903 2861 1010 2936 posuit
1026 2867 1133 2932 costra,

157 2945 242 3006 prius
262 2937 361 2996 tamen
383 2946 474 3016 quam
496 2943 557 3003 aba
573 2944 750 3006 admoveret
763 2944 868 3006 missis
884 2944 937 3019 qui
951 2949 1133 3021 temptarent

155 3027 236 3072 nunc
257 3021 481 3089 praefectorum
501 3025 646 3103 praesidii
666 3044 747 3091 nunc
763 3028 989 3104 oppidanorum
1004 3030 1133 3088 animos.

155 3102 220 3191 etat
240 3105 341 3162 autem
361 3106 403 3167 ibi
418 3126 488 3172 curo
502 3107 658 3173 inventute
671 3112 843 3190 lllyriorum
855 3113 1031 3174 Romanum
1045 3125 1130 3187 prae·

155 3179 275 3239 ⁵¹d¹u¹¹¹·
303 3197 468 3266 postquam
482 3195 557 3257 nihil
572 3194 674 3270 pacati
685 3196 868 3269 referebant
890 3211 1074 3271 oppugnare
1089 3199 1135 3253 est

157 3260 282 3324 adortus
304 3274 335 3327 et
355 3285 471 3338 corona
485 3296 553 3342 eam
571 3292 682 3352 capere
696 3285 826 3343 conatus
842 3285 898 3338 est.
920 3294 990 3340 curn
1004 3278 1075 3339 sine
1089 3279 1132 3337 in·

154 3343 346 3410 termissione
360 3353 491 3420 interdiu
508 3368 663 3437 noctuque
677 3362 727 3422 alii
742 3363 810 3424 aliis
826 3362 1041 3435 succedentes,
1058 3375 1132 3437 pars

154 3427 255 3486 scalas
277 3434 387 3510 muris,
409 3439 510 3514 ignem
531 3444 627 3519 portis
642 3443 801 3520 inferrent,
824 3446 1016 3507 sustinebant
1030 3453 1131 3506 tamen
