2364 3862
187 157 249 220 252
347 157 462 218 LIBER
476 158 580 218 XLIV.
603 156 686 216 CAP.
700 165 745 218 45.
756 163 802 220 46.
825 161 861 230 [a.
874 161 908 214 U.
921 177 945 215 c.
956 162 1015 228 tet]

185 315 304 376 animos
327 312 531 374 confirmaret
563 312 619 372 sed
641 310 826 387 aliquotiens
849 310 954 372 dicere
973 310 1138 388 incipientem

185 415 254 461 eum
281 397 425 458 lacrimae
449 395 700 471 praepedissent,
729 395 801 470 quia
823 397 892 470 ipse
917 395 1019 456 dicere
1037 395 1138 473 nequit

183 482 329 543 Euandro
345 479 481 541 cretensi
496 479 601 552 edilia,
619 495 699 554 quae
713 479 763 553 agi
778 495 848 539 curn
863 478 1048 540 multitudine
1062 482 1140 554 velle,

184 567 225 627 de
238 565 352 641 templo
364 562 534 624 descendit
550 561 712 623 multitudo
727 563 807 623 sicut
818 564 858 622 ad
870 569 1066 638 conspectum
1075 564 1140 638 regis

183 649 352 724 fletumque
365 653 426 707 tum
441 646 646 707 miserabilem
661 651 692 706 et
705 646 776 722 ipsa
787 646 977 721 ingemuerat
986 647 1148 706 lacrimare

182 741 307 810 ratque,
330 730 372 790 ita
390 730 526 791 Euandri
546 730 715 791 orationem
735 729 973 804 aspernabatum
997 730 1148 806 etquidem

184 815 252 878 ausi
267 822 339 876 sunt
358 814 459 874 media
474 829 513 874 ex
528 813 670 874 contione
685 816 876 874 succlamare
896 812 1006 886 „abite
1019 813 1095 886 binc,
1111 828 1142 872 ne

185 898 238 975 qui
261 897 353 973 pauci
374 912 593 972 supersumuS,
616 903 744 972 propter
764 913 823 956 vos
840 901 1034 972 pereamus.“
1053 897 1140 958 bunun

186 981 300 1043 ferocia
314 996 423 1042 uocem
435 981 570 1043 Euandri
585 979 704 1040 clausit.
728 996 785 1040 rex
799 981 872 1040 inde
893 981 1019 1041 domum
1032 996 1065 1040 se
1075 995 1140 1039 rece

185 1065 239 1140 pit,
251 1065 446 1142 pecuniaque
458 1071 489 1124 et
498 1080 574 1125 auro
587 1070 777 1138 argentoque
787 1065 818 1124 in
829 1063 959 1138 lembos,
971 1063 1024 1138 qui
1035 1065 1063 1124 in
1074 1062 1141 1140 sm-

184 1164 276 1210 mone
289 1149 425 1221 stabant,
448 1148 557 1209 delatis
569 1154 601 1207 et
614 1147 684 1222 ipse
698 1148 737 1207 ad
753 1145 866 1207 flumen
881 1146 1050 1207 descendit.
1069 1146 1140 1205 Thra·

184 1247 239 1293 ces
248 1233 379 1293 navibus
391 1248 427 1292 se
440 1232 626 1292 committere
636 1247 698 1292 non
711 1231 779 1292 ausi
791 1231 902 1291 domos
913 1230 1036 1306 dilapsi,
1047 1237 1073 1290 et
1081 1230 1142 1289 aliae

183 1313 320 1377 militaris
335 1315 456 1389 generis
471 1315 594 1375 turbaee
617 1313 779 1374 cretenses
795 1329 884 1389 spem
895 1313 1046 1388 pecuniae
1057 1312 1142 1374 secuti.

183 1405 214 1458 et
234 1396 379 1473 quoniam
394 1400 426 1457 in
447 1397 613 1459 dividendo
635 1398 705 1472 plus
721 1397 926 1458 offensionum
942 1413 1036 1472 quam
1050 1395 1143 1472 gratiae

184 1487 257 1552 erat
270 1479 492 1556 quinquaginta
502 1483 616 1542 talenta
626 1482 664 1540 iis
677 1481 779 1555 posita
787 1487 858 1541 suut
868 1479 899 1540 in
907 1480 1140 1555 ripadiripicnda

184 1563 223 1623 ab
244 1563 303 1624 hac
324 1563 496 1640 direptione
516 1580 586 1626 cum
604 1579 660 1638 per
680 1565 841 1625 tumultum
862 1579 960 1624 naves
976 1562 1140 1624 conscende-

183 1655 266 1722 rent,
288 1647 419 1708 lembum
435 1664 530 1709 unum
544 1649 574 1708 in
591 1648 670 1710 ostio
683 1647 782 1708 amnis
797 1647 990 1708 multitudine
1006 1653 1141 1723 gravatum

183 1736 363 1792 merserunt.
378 1731 545 1806 Galepsum
556 1747 593 1792 eo
606 1731 665 1805 die,
678 1737 803 1807 postero
817 1731 1058 1804 Samothracam,
1069 1743 1142 1805 quan

183 1813 336 1958 petebant,
352 1815 548 1889 perveniunt=
577 1815 617 1875 ad
632 1815 694 1875 duo
710 1814 792 1874 milia
805 1817 952 1876 talentum
966 1821 1143 1889 pervectum

183 1897 273 1958 dicun
287 1916 333 1959 ur.
484 1927 489 1936 ·

266 1981 371 2042 XLVI.
391 1981 504 2043 Paulus
526 1999 583 2060 per
603 1999 711 2044 omnes
731 1981 851 2042 deditas
872 1979 1015 2041 civitates
1030 1976 1145 2041 dimissis

184 2065 237 2138 qui
252 2071 448 2139 praeessent,
472 2080 511 2124 ne
526 2082 588 2141 qua
603 2067 713 2126 iniuria
730 2063 761 2125 in
777 2081 859 2126 nova
871 2079 950 2139 paee
963 2063 1054 2125 victis
1067 2063 1127 2123 irene

182 2146 372 2221 retentisque
398 2147 482 2222 upud
507 2162 542 2208 se
568 2147 827 2210 caduceatoribus
851 2147 935 2222 regis
956 2147 989 2206 P.
1013 2147 1145 2218 Nasicam

182 2227 307 2302 ignarus
323 2230 414 2304 fugae
428 2230 520 2304 regis,
534 2230 743 2307 Amphipolim
757 2231 840 2292 misit
854 2247 923 2292 curn
938 2233 1062 2292 modica
1075 2229 1145 2306 pedi·

181 2318 244 2371 turn
266 2313 464 2388 equitumque
479 2329 585 2386 manu,
609 2314 699 2376 simul
712 2322 747 2376 ut
760 2314 895 2376 Sinticen
911 2321 1066 2376 evastaret
1078 2319 1104 2372 et
1114 2307 1146 2372 ad

183 2409 290 2455 omncs
306 2403 435 2457 conatus
448 2398 532 2472 regis
548 2399 764 2474 impedimento
780 2404 873 2459 esset
893 2397 972 2458 inter
985 2399 1065 2459 haec
1075 2393 1145 2456 licii*

180 2477 263 2539 boea
276 2496 295 2540 a
308 2479 359 2541 Cn.
377 2479 502 2543 Octavio
518 2483 637 2557 capitur
648 2481 868 2558 diripiturque·
883 2482 924 2542 ad
934 2482 1102 2558 Aeginium,
1114 2473 1144 2540 ai

183 2563 268 2637 quod
283 2566 524 2640 oppugnandum
540 2565 594 2626 Cn.
607 2565 736 2627 Anicius
753 2568 874 2663 legatus
889 2565 1005 2626 missus
1021 2571 1091 2661 erat,
1103 2562 1146 2621 du·

182 2648 261 2706 centi
276 2647 436 2724 eruptione
456 2663 496 2708 ex
517 2651 633 2726 oppido
649 2649 728 2710 iacta
744 2649 850 2710 amissi
870 2655 943 2709 sunt
962 2649 1077 2725 ignaris
1097 2647 1145 2704 Ae

182 2894 264 2954 mille
283 2911 398 2970 passus
420 2898 492 2957 inde
507 2900 679 2975 posuisset,
704 2915 760 2975 per
773 2899 891 2976 aliquot
912 2899 981 2960 dies
995 2899 1038 2959 ibi
1052 2895 1130 2958 stativ

182 2973 301 3051 habuit,
327 2979 419 3040 situm
439 2982 525 3042 urbis
545 2985 683 3059 undique
703 2983 875 3060 aspiciens,
903 3000 996 3057 quam
1017 2998 1079 3042 non
1093 2979 1148 3039 sine

183 3071 277 3120 causa
297 3063 444 3124 delectem
463 3073 543 3128 esse·
554 3068 669 3142 regiam
689 3067 828 3128 advertit
857 3065 917 3128 sita
938 3067 1031 3128 estin
1045 3062 1148 3125 tumulo

180 3147 349 3218 vergente·
340 3163 372 3206 m
387 3149 577 3210 occidentem
591 3150 765 3211 hibernum·
789 3149 914 3226 cingunt
928 3148 1081 3226 paludes
1073 3160 1142 3207 inex

181 3230 363 3300 superabilis
379 3233 545 3293 altitudinis
558 3240 675 3293 aestate
688 3242 720 3295 et
732 3234 841 3309 hieme,
857 3250 935 3309 quas
947 3236 1148 3310 restagnantes

181 3310 296 3371 iaciunt
309 3314 437 3374 lacus'
429 3333 460 3374 ιιι
474 3315 543 3390 ipsa
559 3316 679 3390 palude,
697 3333 759 3411 qua
773 3333 916 3393 proxima
925 3318 994 3378 urbi
1006 3325 1061 3389 est,
1074 3311 1146 3373 valui

180 3391 281 3453 insula
301 3396 413 3456 eminet
431 3413 487 3455 arx
509 3398 612 3471 aggeri
628 3400 730 3474 operis
745 3399 876 3474 ingentis
892 3399 1046 3474 imposita,
1061 3393 1145 3472 quiet
