2424 3872
233 238 352 300 LIBER
364 239 497 300 XXXIX.
520 185 660 300 CAP.·21.
675 247 720 300 Ab.
743 246 780 313 [a.
793 246 825 298 C.
839 247 900 313 186]
1021 241 1064 304 19

78 391 159 450 xima
179 398 358 464 moverunt,
380 390 527 452 Romanis
543 398 573 450 et
587 406 663 450 suos
679 391 848 465 sepeliendi
863 399 894 452 et
908 391 1009 467 spolia
1023 396 1064 453 le

77 474 170 548 gandi
191 490 232 534 ex
253 473 394 534 hostibus
414 480 553 548 potestas
574 475 655 534 iacta
674 480 731 534 est.
767 489 884 549 paucos
904 482 977 550 post
998 476 1065 536 dics

75 558 193 617 maiore
216 567 324 618 coneto
347 557 482 617 exercitu
497 557 636 618 Celtiberi
657 557 697 616 ad
714 556 901 631 calagurrim
916 559 1064 633 oppidum

76 642 155 700 ultro
173 639 529 716 lacessiveruut'proelio
543 642 710 702 Romanos.
742 640 816 700 nihil
830 639 968 713 caditur,
985 658 1065 715 quae

7 785 12 792 ,
77 739 173 784 causa
183 740 311 785 numero
324 731 414 784 aucto
426 724 609 784 infirmiores
620 739 676 784 eos
689 724 803 785 lecerit.
826 723 963 800 superati
975 741 1064 799 proa-

77 807 117 867 lio
139 815 229 868 sunt:
257 808 298 868 nd
318 807 481 868 duodecim
497 806 584 886 milia
604 807 761 868 hominum
783 823 889 879 caesa,
911 810 981 883 plus
1003 809 1064 869 duo

78 898 183 966 capta,
204 897 235 951 ct
259 892 368 952 castris
382 891 538 952 Romanus
559 889 684 966 potitus.
713 899 743 952 et
756 891 815 950 nisi
830 905 997 952 successor
1009 894 1063 952 ad·

79 981 173 1033 ventu
192 990 252 1034 suo
269 973 452 1034 inhibuisset
466 975 611 1050 impetum
626 975 766 1049 victoris,
788 974 907 1035 subacti
923 974 1063 1036 Celtiberi

76 1058 186 1118 locent.
223 1058 295 1118 novi
324 1065 482 1132 praetores
508 1056 598 1118 ambo
625 1057 777 1118 exercitus
804 1057 833 1117 in
858 1058 984 1119 hiberna
1009 1060 1062 1119 de

76 1141 239 1200 duxerunt.
905 1175 913 1188 »

160 1224 251 1282 XXII.
274 1222 332 1282 Per
343 1237 399 1282 cos
411 1223 488 1296 dies,
504 1223 615 1298 quibus
626 1224 704 1284 haec
715 1239 756 1282 ex
765 1223 915 1298 Hispania
926 1224 1064 1286 nuntiata

77 1314 161 1381 sunt,
175 1307 240 1367 ludi
253 1305 354 1365 Taurii
368 1321 424 1380 per
437 1305 565 1366 biduum
579 1308 650 1366 lacti
664 1305 820 1380 religionis
835 1321 939 1367 causa.
968 1323 1062 1384 appa·

76 1398 159 1450 ratos
171 1389 284 1450 deinde
295 1389 385 1449 ludos
397 1389 437 1448 Μ.
445 1387 579 1464 Fulvius,
593 1407 672 1465 quos
684 1390 958 1453 voveratAetolico
970 1391 1061 1467 bello,

79 1474 156 1534 lecit.
187 1471 274 1534 multi
299 1473 431 1532 artifices
458 1487 498 1531 ex
521 1473 649 1534 Graecia
672 1481 823 1536 venerunt
846 1474 973 1535 honoris
993 1474 1061 1535 eius

79 1573 178 1617 causa.
208 1556 389 1618 athletarum
410 1572 535 1631 quoque
553 1565 706 1620 certamen
723 1567 787 1619 tum
800 1558 899 1633 primo
913 1559 1060 1619 Romanis

78 1641 251 1714 spectaculo
271 1639 341 1714 luit,
363 1648 393 1699 et
412 1640 533 1701 venatio
553 1641 625 1702 data
644 1643 768 1704 leonum
783 1649 814 1702 et
834 1641 1060 1716 pantherarum,

77 1731 106 1784 et
119 1739 217 1798 prope
231 1721 324 1782 huius
338 1721 435 1782 seculi
450 1723 540 1798 copia
555 1741 590 1784 ac
602 1725 749 1785 varietate
762 1725 913 1785 ludicrum
925 1725 1060 1785 celebra·

79 1815 135 1866 tum
147 1813 204 1866 est.
228 1805 422 1866 novemdiale
433 1806 546 1867 deinde
557 1823 679 1868 sacrum
692 1809 796 1880 tenuit,
810 1809 894 1882 quod
906 1808 936 1866 in
947 1807 1060 1868 Piceno

76 1905 129 1964 per
146 1890 280 1950 triduum
303 1889 456 1964 lapidibus
472 1892 607 1966 pluerat,
629 1892 780 1965 ignesque
796 1892 946 1949 caelestes
961 1892 1060 1949 multi-

77 1974 179 2033 iuriam
203 1973 261 2034 orti
282 1973 442 2033 adussisse
459 1971 661 2048 complurium
675 1974 735 2033 levi
751 1971 867 2032 adflatu
880 1972 1061 2032 vestimenta

78 2057 205 2117 unanime
227 2056 417 2117 dicebantur.
446 2056 550 2117 addita
564 2063 595 2116 et
608 2074 702 2117 unum
717 2057 797 2116 diem
813 2054 997 2131 supplicatio
1014 2063 1062 2116 est

76 2155 112 2198 ex
133 2140 260 2200 decreto
281 2138 475 2214 pontificum,
498 2140 582 2215 quod
604 2140 690 2202 aedis
713 2139 787 2217 Opis
807 2141 838 2200 in
854 2139 1002 2215 Capitolio
1021 2141 1061 2200 de

77 2223 158 2284 caelo
181 2230 264 2284 tacta
285 2230 358 2282 erat.
389 2222 500 2282 hostiis
516 2223 681 2285 maioribus
697 2224 842 2285 consules
858 2229 1061 2298 procurarunt

75 2307 244 2381 tubamque
265 2308 478 2366 lustraverunt.
511 2306 568 2368 sub
589 2307 671 2368 idem
691 2316 812 2384 tempus
833 2315 863 2366 et
880 2322 919 2366 ex
935 2307 1060 2367 Umbria

76 2390 243 2450 nuntiatum
251 2397 299 2450 est
309 2390 500 2450 semimarem
508 2390 670 2450 duodecim
682 2393 776 2452 terme
787 2394 887 2452 anuos
899 2397 1002 2450 natum
1013 2391 1058 2448 iu-

75 2482 205 2534 ventum.
234 2473 267 2532 id
287 2473 460 2549 prodigium
481 2473 691 2534 abominantes
712 2475 811 2536 arceri
823 2474 962 2535 Romano
984 2487 1058 2548 agro

73 2559 240 2632 necarique
256 2572 347 2631 quam
363 2555 492 2630 primum
508 2557 672 2618 iusserunt.

154 2641 276 2701 Eodem
297 2655 377 2699 anno
400 2639 476 2698 Galli
495 2639 686 2715 Transalpini
706 2640 893 2714 transgressi
913 2640 943 2698 in
958 2640 1058 2697 Vene-

74 2723 142 2785 tiam
154 2725 226 2785 siue
238 2723 437 2798 populatione
448 2729 502 2782 aut
511 2724 592 2783 bello
604 2723 687 2782 haud
700 2725 807 2797 procul
818 2722 898 2796 inde,
913 2722 965 2782 ubi
977 2738 1059 2782 nunc

75 2808 216 2883 Aquileia
238 2813 299 2880 est,
321 2809 422 2866 locum
443 2806 561 2881 oppido
580 2807 744 2868 condendo
760 2814 916 2882 ceperunt.
945 2806 1058 2882 'legatis

74 2891 219 2952 Romanis
236 2890 276 2950 de
291 2905 328 2948 ea
339 2905 373 2948 re
385 2899 467 2950 trans
480 2891 576 2966 Alpes
587 2890 691 2950 missis
702 2905 885 2966 responsum
898 2897 946 2951 est
957 2906 1058 2966 neque

75 2976 232 3047 proiectos
254 2988 295 3032 ex
310 2973 490 3040 auctoritate
510 2973 609 3046 gentis
625 2989 691 3048 eos,
707 2990 764 3034 nec
779 2973 909 3034 initalia
925 2974 1000 3050 quid
1015 2977 1028 3034 i
1046 3007 1057 3017 ·

77 3065 264 3118 cerentsesc
279 3057 369 3117 scire.
667 3105 669 3112 ,

155 3141 189 3202 L.
206 3138 311 3215 Scipio
328 3142 420 3203 iudos
435 3157 472 3200 eo
489 3149 635 3214 tempore,
657 3157 735 3214 quos
750 3139 831 3201 bello
846 3141 988 3202 Antiochi
1003 3159 1058 3202 vo·

77 3224 159 3284 visse
180 3239 253 3284 sese
274 3224 409 3297 dicebat,
431 3240 469 3284 ex
489 3225 600 3284 collata
620 3225 661 3283 ad
682 3224 712 3283 id
733 3224 864 3297 pecunia
879 3226 917 3284 ab
931 3227 1057 3299 regibus

79 3307 308 3383 civitatibusque
333 3324 390 3382 per
416 3308 481 3368 dies
504 3309 611 3367 decem
631 3305 710 3367 iecit.
743 3307 875 3382 legatum
896 3325 965 3367 eum
986 3314 1057 3380 post

80 3389 298 3452 damnationem
319 3398 349 3452 et
368 3393 449 3452 bona
468 3391 594 3451 vendita
612 3390 739 3450 missum
759 3388 790 3449 in
804 3392 911 3451 Asiam
932 3390 971 3447 ad
987 3389 1057 3447 diri·

80 3475 185 3534 menda
201 3475 278 3535 inter
288 3474 472 3535 Antiochum
490 3482 519 3534 et
531 3475 697 3534 Eumenem
712 3487 801 3545 reges
818 3471 980 3585 certamina
994 3472 1056 3529 Va-

813 3561 830 3610 2
