2424 3872
172 201 193 264 2
331 202 447 264 LIBER
460 202 592 262 XXXIX.
616 203 698 264 cAP.
714 212 776 264 1..:t
800 204 836 281 [a.
847 210 883 264 U.
896 227 920 268 c.
932 210 995 280 565]

174 356 260 452 perio
279 356 330 416 cn
345 355 449 416 ltlanlii
464 358 564 417 solute
579 371 616 415 ac
630 357 827 430 neglegenter
841 355 934 416 habiti
949 363 1029 417 sunt.
1051 357 1159 434 itaque

174 427 316 514 asp'erius
331 441 425 514 paulo
441 440 517 499 iter
508 455 539 498 m
550 438 678 498 Thmoia
689 446 719 499 et
729 439 923 499 exercitatior
934 439 1033 500 hostis
1045 457 1160 516 magna

175 523 262 582 clade
277 537 333 583 eos
349 522 519 596 castigavit
541 518 572 582 in
583 519 745 596 Liguribus
762 521 864 582 omnia
878 531 972 596 erant,
990 539 1072 621 quae
1080 525 1158 584 mili-

173 614 234 666 tem
249 606 432 678 excitarent,
448 606 518 664 loca
531 613 677 669 montana
691 610 721 666 et
736 619 856 679 aspera,
873 621 953 680 quae
968 607 1020 665 et
1012 607 1092 682 ipsis
1107 623 1160 667 ca·

174 704 249 764 pere
269 688 357 747 labor
377 697 441 749 erat
461 694 546 749 etex
566 688 801 768 praeoccupatis
824 687 946 748 deicere
966 687 1105 759 hostem;
1128 701 1161 751 et

174 771 281 833 itinera
301 771 412 845 ardua,
438 778 581 846 angusta,
609 769 878 842 inlesta'insidiis;
907 771 1006 832 hostis
1027 774 1106 832 levis
1129 782 1162 833 et

174 855 265 914 velox
284 860 314 913 et
327 855 519 929 repentinae,
544 853 596 930 qai
611 855 725 917 nullum
739 869 871 930 usquam
885 861 1020 929 tempus,
1042 857 1162 916 nullum

174 939 275 998 locum
292 936 425 1011 quietum
439 944 493 997 aut
506 953 649 999 securum
663 952 735 998 esse
750 939 878 1007 sinerem
901 939 1091 1014 oppugnatio
1105 956 1162 999 ne·

177 1018 313 1080 cessaria
332 1021 515 1086 munitorum
531 1022 740 1096 castellorum,
761 1019 916 1081 laboriosa
930 1021 1019 1081 simul
1035 1021 1162 1096 pericu·

174 1103 318 1178 locaque,
342 1104 433 1179 inops
443 1105 538 1179 regio,
553 1119 633 1180 quae
646 1103 835 1180 parsimonia
844 1103 1026 1180 astringeret
1036 1105 1161 1178 milites,

174 1187 311 1263 praedae
330 1187 413 1259 haud
430 1189 555 1248 multum
570 1188 740 1264 praeberet.
773 1189 876 1262 itaque
890 1203 952 1248 non
967 1188 1030 1248 lixa
1043 1203 1160 1264 seque

173 1271 276 1345 batur,
297 1287 359 1332 non
381 1272 585 1333 iumentorum
606 1271 717 1346 longus
739 1272 816 1333 ordo
832 1286 941 1346 agmen
955 1271 1157 1332 extendebat.

174 1353 247 1412 nihil
262 1363 385 1428 praeter
395 1370 481 1414 arma
491 1361 521 1415 et
531 1353 616 1414 viros
628 1369 747 1414 omnem
760 1353 889 1429 spemin
902 1354 994 1414 annis
1005 1353 1160 1414 habentes

175 1442 247 1495 erat.
281 1451 338 1496 nec
359 1439 465 1499 deerat
485 1453 630 1512 umquam
651 1452 720 1497 cunr
742 1438 779 1498 iis
800 1439 849 1514 vel
868 1435 995 1500 materia
1013 1437 1086 1498 belli
1106 1440 1161 1498 vel

175 1533 285 1592 causa,
307 1519 378 1593 quia
397 1528 525 1595 propter
545 1520 746 1580 domesticam
766 1519 899 1595 inopiam
920 1519 1040 1582 uicinos
1060 1536 1159 1595 agros

173 1601 380 1663 incursabant
413 1618 470 1664 nac
492 1611 591 1664 tamen
607 1603 637 1662 in
653 1602 817 1664 discrimen
833 1619 970 1664 munnae
982 1620 1084 1664 rerum
1099 1620 1160 1679 pu-

174 1683 332 1759 gnabatur.

258 1769 295 1828 Π.
318 1767 349 1830 C
360 1768 525 1833 Flaminius
542 1733 659 1844 consul,
674 1785 742 1830 curn
753 1769 1136 1846 FriniatibusLiguribus
1128 1788 1160 1830 ιιι

100 1913 111 1932 ,
175 1867 249 1927 agro
271 1868 379 1914 eorum
397 1853 537 1928 pluribus
552 1853 677 1929 proellis
692 1853 836 1914 secundis
852 1853 957 1927 lacus,
977 1854 1008 1916 in
1024 1853 1160 1914 deditio-

174 1951 242 1995 nem
257 1943 379 2010 gentem
393 1937 513 2012 accepit
526 1944 556 1998 et
568 1952 654 1998 arma
668 1936 787 1998 ademit.
817 1951 854 1996 ee
869 1937 1017 2010 quianon
1032 1935 1161 1997 sincera

174 2018 236 2077 fida
250 2019 418 2091 tradebant,
434 2036 505 2080 curn
520 2021 748 2094 castigarentur,
764 2018 878 2080 relictis
890 2019 969 2079 vicis
978 2020 1008 2079 in
1021 2026 1160 2080 montem

173 2101 327 2174 Auginum
338 2103 548 2176 profugerunt
564 2103 724 2164 confestim
735 2109 860 2166 secutus
872 2105 1043 2163 estconsul
1060 2103 1161 2163 ceteri

173 2180 266 2244 effusi
279 2199 398 2262 narsus,
414 2192 444 2248 et
455 2201 533 2261 pars
545 2183 678 2246 maxima
692 2183 833 2260 inermes,
849 2201 906 2262 per
919 2186 1002 2246 invia
1017 2194 1047 2246 et
1057 2201 1161 2261 rupes

175 2265 322 2339 deruptas
344 2267 582 2342 praecipitantes
605 2269 760 2343 lugenrnt,
782 2285 842 2344 qua
863 2269 953 2365 sequi
973 2269 1073 2330 hostis
1092 2286 1161 2330 non

173 2355 291 2423 posset.
320 2350 362 2410 ita
381 2357 466 2410 tram
481 2352 678 2447 Apenninum
691 2351 838 2412 abierunt
867 2352 920 2428 qui
935 2355 1044 2412 castris
1059 2369 1097 2416 se
1112 2361 1160 2414 te-

172 2441 309 2506 nuerant,
326 2432 523 2495 circumsessi
538 2443 568 2496 et
582 2436 745 2510 expugnati
760 2443 840 2495 sunt
862 2437 933 2496 inde
949 2442 1033 2496 trans
1048 2435 1160 2510 Apen-
1164 2442 1167 2446 ’

138 2543 142 2550 ·
173 2514 277 2575 ιιίιιιιιιι
298 2515 407 2576 ductae
427 2517 574 2592 legiones.
607 2519 648 2578 ibi
663 2519 773 2578 montis
789 2534 879 2592 quem
895 2526 1040 2594 ceperant
1055 2519 1161 2580 altitu-

173 2597 245 2659 dine
260 2599 416 2676 paulisper
430 2616 466 2662 se
480 2601 576 2676 tutati,
590 2617 663 2684 mox
678 2602 709 2660 in
723 2601 907 2661 deditionem
921 2610 1159 2663 concesserunt

173 2689 235 2741 turn
250 2684 421 2759 conquisita
442 2700 511 2746 etun
531 2685 690 2746 intentiore
711 2700 785 2745 cura
805 2700 903 2758 erma,
926 2691 957 2744 et
977 2686 1081 2747 omnia
1100 2687 1160 2746 ad-

173 2773 284 2838 empta.
318 2769 496 2828 translatum
517 2769 629 2828 deinde
650 2768 690 2826 ad
708 2768 859 2842 Apuanos
878 2766 1008 2842 ligures
1029 2767 1158 2840 bellum,

174 2846 270 2921 quiin
287 2863 395 2922 agrum
403 2849 547 2912 Pisanum
557 2848 847 2924 Bononiensemque
859 2851 900 2912 ita
911 2852 1160 2926 incursaverunt,

172 2936 205 2990 ut
219 2931 277 2992 ccli
292 2947 354 2992 non
369 2941 486 3007 posset
519 2933 567 2994 his
584 2949 708 3008 quoque
722 2933 902 3007 perdomitis
918 2936 1027 2997 consul
1043 2951 1159 3034 pacem

173 3014 257 3074 dedit
276 3014 419 3076 finitimis
452 3023 482 3075 et
502 3019 574 3092 quia
588 3034 606 3077 a
621 3015 700 3078 bello
723 3017 827 3089 quieta
846 3026 879 3080 ιιι
893 3024 978 3078 esset
992 3019 1159 3096 provincia

172 3095 325 3171 effecerat,
341 3099 425 3160 nain
442 3099 505 3162 otio
520 3101 643 3162 militem
657 3099 790 3172 haberet,
806 3101 886 3161 viam
898 3101 1068 3163 aBononia
1082 3118 1156 3176 per·

172 3180 507 3246 dominumtuum
522 3184 669 3246 Aemilius
685 3185 728 3244 alt
716 3190 760 3244 ter
777 3185 885 3246 consul
899 3199 991 3259 agnos
1006 3185 1159 3260 Ligurum

170 3263 337 3341 meosque,
359 3268 457 3343 quiin
473 3268 587 3342 campis
603 3274 656 3328 aut
671 3268 802 3330 vallibus
817 3268 945 3341 erant,·
937 3266 1015 3342 ipsis
1031 3276 1159 3328 montes

171 3346 250 3408 duos
264 3347 409 3412 Balistam
424 3351 705 3427 Suismontiumque
719 3349 899 3424 tenentibus,
919 3351 1039 3411 deussit
1054 3353 1157 3427 depo-

168 3432 356 3508 pulatusque
370 3442 425 3496 est.
459 3434 570 3496 deinde
586 3451 650 3511 eos,
670 3434 721 3511 qui
736 3434 765 3493 in'
781 3433 932 3495 montibus
948 3441 1044 3508 erant,
1059 3435 1158 3496 ador-
