2328 3870
2 9 52 120 f

125 193 129 197 ’
177 176 289 237 LIBER
303 177 392 237 XLll.
416 176 497 236 CAP.
512 185 611 240 lana
634 183 792 252 [ec-lla]
914 177 974 242 147

3 330 174 408 tundaritate
193 327 294 401 ficret,
317 326 521 403 triumphavit.
554 327 744 401 rogationem
766 327 910 388 Marciam
937 330 976 390 de

3 413 5 478 l
23 413 158 490 Liguribus
172 426 282 488 magno
298 425 454 472 consensu
467 410 574 484 plebes
591 409 681 472 scivit
695 410 856 486 iussitque.
883 426 922 471 ex
938 427 975 473 eo

3 519 4 568 j
24 496 158 572 plebiscito
180 494 210 556 c.
231 492 367 554 Licinius
387 499 513 569 praetor
533 495 688 554 consuluit
707 501 861 568 senatum,
885 511 976 569 quem

3 609 4 648 ι
28 594 145 654 quaerere
160 593 197 638 ea
211 577 372 652 rogatione
386 578 486 637 vellet.
502 584 606 651 patres
622 575 723 652 ipsum
738 593 809 638 eum
824 594 974 654 quaerere

3 653 159 752 ssiusserunt.
216 659 306 720 XXll.
337 668 401 722 tum
421 659 542 720 demum
563 660 707 722 consules
735 661 766 723 in
787 661 977 736 provinciam

28 745 127 822 proiecti
145 753 232 819 sunt,
252 745 489 818 ⁴exercitumque
515 759 542 802 a.
563 744 603 803 M.
626 743 754 818 Popillio
780 755 975 820 acceperunt

28 845 101 904 neque
111 839 208 889 tamen
221 828 261 886 Μ.
273 827 422 902 Popillius
434 827 546 886 reverti
557 827 685 888 Romam
696 827 838 901 audebat,
853 843 892 888 ne
904 843 975 887 cau·

27 927 74 970 sau
83 911 189 971 diceret
199 911 336 971 adverso
348 917 466 983 senatu,
482 909 637 972 infestiore
649 913 776 986 populo,
792 911 875 986 apud
887 926 976 986 prae·

27 1003 104 1068 torem,
115 993 211 1072 quide
223 993 444 1069 quaestionein
456 1008 490 1052 se
499 994 602 1068 posita
611 1003 749 1054 senatum
757 995 973 1056 consuluisset.

28 1077 75 1137 buia
92 1076 299 1138 detractationi
320 1079 386 1138 eius
409 1076 519 1138 tribuni
540 1075 640 1152 plebis
661 1074 785 1137 alterius
806 1077 974 1152 rogationis

26 1159 222 1221 denuntiatione
238 1167 446 1233 occurrerunt,
460 1168 493 1220 ut
507 1159 533 1220 si
549 1177 611 1220 non
622 1167 693 1220 ante
704 1159 774 1220 idus
786 1159 974 1220 Novembres

25 1243 152 1304 inurbem
172 1245 305 1304 Romam
326 1243 490 1315 introisset,
516 1244 555 1302 de
576 1243 705 1304 absente
727 1258 764 1303 eo
788 1243 818 1303 C.
839 1239 974 1302 Licinius

26 1331 140 1387 statueret
158 1343 195 1386 ac
217 1327 376 1387 iudicarat.
400 1326 458 1387 hoc
479 1334 595 1387 tractus
610 1327 731 1387 vinculo
748 1342 817 1385 cum
831 1325 973 1398 redisset,

25 1407 109 1482 ingenti
128 1427 195 1470 cum
217 1409 335 1468 invidia
355 1410 385 1468 in
407 1416 546 1470 senatum
567 1409 657 1471 venit.
681 1410 722 1470 ibi
739 1425 807 1470 cum
822 1410 973 1471 laceratus

25 1491 102 1566 iurgiis
115 1495 278 1556 multorum
292 1499 385 1566 esset,
406 1500 532 1555 senatus
548 1495 720 1556 consultum
735 1493 848 1554 iactum
863 1500 919 1565 est,
941 1501 974 1552 ut

26 1574 62 1648 qui
72 1576 202 1651 Ligurum
220 1582 294 1654 post
308 1575 342 1650 Q.
354 1575 492 1636 Fulvium
501 1577 537 1636 L.
549 1577 693 1638 Manlium
709 1579 854 1638 consules
866 1576 972 1636 hostes

26 1660 212 1733 narrassent,
237 1667 272 1720 ut
285 1674 340 1720 eos
357 1659 387 1719 c.
403 1660 536 1722 Licinius
552 1660 604 1720 Cn.
621 1660 753 1721 Sicinius
770 1666 927 1736 praetores
943 1659 972 1716 in

25 1739 158 1803 lbertatem
171 1741 383 1804 restituendos
405 1753 560 1817 curarent,
583 1758 753 1819 agrumque
767 1742 804 1803 iis
820 1749 902 1802 trans
918 1742 973 1800 Pa-

26 1823 76 1884 dum
88 1829 187 1888 consul
209 1827 242 1887 C.
257 1825 405 1903 Popillius
420 1826 515 1888 daret.
541 1828 635 1889 multa
649 1827 731 1887 milia
745 1826 900 1888 hominum
914 1824 974 1884 hoc

26 1915 121 1970 aeratus
142 1910 285 1972 consulto
306 1910 444 1971 restituta
465 1910 496 1970 in
520 1911 701 1983 libertatem,
726 1908 974 1981 transductisque

26 1987 111 2053 Padum
126 2010 196 2068 ager
211 2002 260 2055 est
274 1992 463 2068 adsignatus.
478 1995 519 2054 Μ.
532 1995 678 2070 Popillius
690 1991 850 2070 rogatione
860 1989 975 2050 Marcia

26 2071 58 2134 bis
69 2078 140 2152 apud
155 2077 184 2140 C.
200 2076 350 2154 Licinium
364 2093 488 2138 causam
503 2079 593 2139 dixit:
615 2078 702 2139 tertio
718 2084 855 2153 praetor,
877 2071 975 2150 gratia

28 2160 131 2222 consulis
158 2162 297 2223 absentis
326 2169 356 2222 et
376 2161 523 2238 Popilliae
545 2161 676 2222 lamiliae
697 2160 842 2236 precibus
864 2159 973 2230 victus,

27 2239 100 2303 idibus
112 2244 227 2307 Martiis
244 2246 357 2307 adesse
370 2261 458 2306 reum
473 2246 572 2322 iussit,
588 2261 649 2322 quo
665 2245 714 2306 die
730 2245 801 2305 novi
816 2243 974 2317 magistra-

28 2330 60 2384 tus
72 2327 159 2390 inltnri
174 2336 263 2390 erant
276 2330 440 2403 honorem,
462 2344 501 2389 ne
516 2327 631 2389 diceret
645 2329 692 2388 ius
708 2327 760 2404 qui
775 2327 913 2402 privatus
928 2326 941 2382 l
961 2354 973 2364 -

28 2413 87 2470 brus
101 2421 187 2474 esset.
211 2415 253 2474 ita
266 2413 385 2489 rogatio
402 2413 441 2473 de
450 2411 613 2488 Liguribus
629 2418 693 2472 arte
706 2410 806 2471 fallaci
818 2411 905 2469 elusa
917 2413 973 2466 est.

85 2494 180 2556 XXlll.
209 2495 316 2572 Legati
341 2493 608 2570 Carthaginienses
634 2511 671 2555 eo
697 2501 836 2569 ternpore
857 2491 975 2551 Romae

28 2585 95 2653 erant,
108 2589 135 2641 et
149 2580 283 2644 Gulussa
297 2578 379 2640 filius
393 2577 586 2640 Masinissae.
601 2579 680 2638 inter
694 2593 750 2639 eos
761 2588 891 2662 magnae
901 2587 974 2630 con-

28 2663 144 2724 tentiones
164 2667 194 2724 in
218 2672 327 2726 senatu
348 2665 443 2724 luere.
479 2662 746 2738 Carthaginienses
770 2656 976 2733 querebantur

28 2753 118 2818 praeter
136 2765 256 2824 agrum,
285 2748 324 2808 de
346 2764 407 2824 quo
429 2755 499 2808 ante
520 2747 610 2822 legati
632 2745 670 2805 ab
690 2745 804 2814 Roma,
830 2738 882 2814 qui
896 2738 926 2796 in
939 2752 974 2797 re

29 2831 150 2896 praesenti
162 2838 395 2907 cognoscerent,
410 2830 497 2891 missi
509 2836 624 2901 essent,
637 2827 768 2903 amplius
780 2822 974 2899 septuaginta

30 2912 114 2984 ttplda
132 2917 320 2991 castellaque
342 2916 406 2990 agri
422 2913 681 2990 Carthaginiensis
694 2909 817 2973 biennio
833 2907 974 2983 proximo

29 2985 190 3058 Masinissam
209 3000 240 3057 vi
260 3005 355 3074 atque
375 2999 468 3058 armis
488 2995 680 3073 possedisse.
709 2994 740 3053 id
755 2993 813 3069 illi,
837 2991 885 3052 cui
901 2990 975 3050 nihil

30 3079 92 3166 lensi
109 3079 160 3155 sit,
186 3083 274 3142 tacite
295 3097 378 3142 esse.
408 3081 673 3157 carthaginienses
696 3077 822 3138 loedere
843 3074 976 3149 illigatos

30 3158 106 3221 alere:
132 3165 286 3240 prohiberi
308 3164 389 3224 enim
409 3172 496 3225 extra
516 3165 594 3225 lines
615 3163 725 3224 efferre
747 3175 840 3221 arma.
869 3173 975 3232 quam-

31 3255 93 3310 ltttn
107 3247 200 3308 sciant
213 3251 243 3308 in
258 3250 325 3309 suis
340 3248 463 3322 finibus,
479 3249 503 3308 si
519 3249 592 3308 inde
605 3245 752 3309 Numidas
767 3243 925 3320 pellerent,
941 3253 976 3298 se
1093 3297 1098 3304 ,

31 3335 142 3394 utsturos
156 3331 275 3409 beddum,
292 3333 344 3393 illo
359 3332 442 3391 haud
458 3331 601 3408 ambiguo
617 3329 717 3406 eapite
729 3326 862 3389 loedcris
875 3324 975 3382 deter-

10 3409 12 3456 ι
31 3409 82 3484 red,
101 3431 157 3490 quo
173 3417 284 3478 diserte
298 3423 439 3478 vetentur
454 3431 522 3476 cum
538 3415 631 3476 sociis
648 3404 896 3552 ¹³⁰pffliaR⁰m³ni
911 3401 977 3462 bel·
