2328 3870
190 185 253 248 146
351 183 466 245 LIBER
480 184 568 245 XLII.
591 183 674 245 CAP.
690 193 733 245 20.
745 191 789 246 21.
811 190 847 259 [a.
860 189 893 242 U.
905 206 928 242 c.
938 187 997 254 580]

190 335 332 411 bendam,
351 335 481 395 victimis
496 332 662 395 maioribus
679 331 913 393 sacrificandum
926 340 957 392 et
969 332 999 390 in
1012 329 1155 412 capitolo

191 418 306 480 Rornae
321 419 395 478 etin
412 417 576 492 Campania
590 418 630 476 ad
639 415 795 476 Minervae
806 413 1155 490 promontoriumrenun

191 501 431 572 tiamnt31udos
446 517 503 577 per
517 501 624 560 decem
639 500 705 560 dies
721 500 786 560 Iovi
797 500 912 576 optimo
922 499 1048 558 maximo
1059 498 1155 572 prino

191 601 319 684 quoque
337 583 387 644 die
408 585 575 645 faciendos.
604 599 641 644 ea
660 584 763 643 omniu
783 597 851 644 curn
867 575 939 643 citra
957 583 1043 642 facta.
1065 581 1134 642 baru-

192 670 296 746 spices
312 668 341 727 in
357 667 471 728 bonum
485 683 648 728 versurum
663 667 693 726 id
708 666 888 743 prodigium,
905 667 1155 742 prolationemquet

190 751 295 813 finium
321 758 352 810 et
371 750 522 813 interitum
543 751 742 827 perduellium
762 749 904 825 portendi
930 743 1155 825 responderunt,

191 835 275 912 qarod
287 850 325 894 ex
336 834 478 897 hostibus
490 836 591 910 spolia
604 835 733 894 fuissent
743 849 781 893 ea
791 839 890 894 rostra
892 840 1134 909 ,quaetempestus

189 918 372 980 dislecisset
393 926 592 980 accesserunt
613 933 693 993 quae
711 917 899 978 cumularent
917 916 1073 990 religiones
1089 915 1133 972 ani·

188 1002 255 1062 mis.
284 1001 444 1063 Saturniae
466 1002 633 1062 nuntiatum
654 1009 718 1060 erat
738 1001 886 1075 sanguine
907 1015 964 1075 per
983 998 1099 1060 triduum
1113 998 1134 1056 iu

189 1085 305 1162 oppido
328 1085 483 1162 pluvisse;
517 1084 649 1148 Calatiae
670 1084 790 1144 asinum
814 1083 965 1159 tripedem
990 1089 1094 1154 natum,
1114 1087 1135 1140 et

188 1177 308 1232 taurum
322 1187 391 1231 cunr
406 1170 541 1246 quinque
551 1169 655 1229 vaccis
668 1184 728 1228 uno
741 1167 802 1227 ictu
813 1166 947 1227 fulminis
959 1166 1135 1232 exanimatos

187 1252 310 1317 Auximi
327 1261 406 1315 terra
421 1254 568 1329 pluvisse.
588 1251 697 1312 borum
712 1267 836 1326 quoque
848 1249 1055 1326 prodigiorum
1065 1261 1135 1308 causa

187 1353 238 1397 res
260 1337 382 1396 divinae
403 1337 501 1396 factae
525 1343 554 1396 et
575 1335 757 1412 supplicatio
786 1350 879 1394 unum
899 1334 981 1394 diem
1008 1333 1135 1406 feriaeque

187 1419 318 1479 habitae.

271 1501 348 1561 XXI.
372 1501 521 1563 Consules
542 1502 582 1561 ad
603 1503 634 1561 id
649 1509 769 1578 tempus
785 1502 815 1562 in
830 1501 1022 1577 provinciam
1035 1515 1088 1560 non
1099 1511 1136 1555 er·

186 1582 292 1657 ierant,
309 1583 382 1660 quia
397 1600 498 1659 neque
513 1584 554 1645 uti
569 1585 658 1644 delli.
671 1585 799 1662 Popillio
816 1585 965 1646 referrent
981 1581 1090 1644 senatui
1099 1579 1136 1639 ob

187 1668 408 1746 sequebantur,
431 1676 462 1731 et
476 1667 549 1729 nibil
564 1669 645 1728 allud
661 1669 829 1730 decernere
849 1669 934 1744 prius
948 1674 1088 1730 statutum
1099 1679 1137 1739 pa·

185 1751 283 1813 tribus
304 1759 377 1813 erat
407 1757 496 1813 aucta
517 1751 605 1813 etiam
627 1752 740 1813 invidia
760 1761 808 1814 est
826 1751 944 1827 Popillii
965 1751 1069 1812 litteris
1082 1748 1137 1820 eiua

179 1836 298 1913 'quibus
311 1836 416 1898 lterum
429 1851 498 1898 curn
510 1835 642 1896 Statellis
653 1837 815 1912 Liguribus
827 1837 997 1911 proconsul
1009 1843 1139 1912 pugnasse

186 1935 221 1980 se
241 1919 366 1996 scripsit
384 1935 420 1980 ao
441 1919 599 1980 sexmilia
619 1935 724 1981 eorum
741 1919 911 1991 occidisse;
933 1913 1140 1995 propterctius

184 2001 325 2063 iniuriam
350 2003 421 2062 belli
447 2005 540 2063 ceteri
565 2019 689 2079 quoque
717 2003 861 2078 Ligurum
886 2003 995 2078 populi
1016 2003 1053 2062 ad
1075 2009 1139 2059 arnt

185 2086 291 2143 ierunt.
314 2091 377 2144 turn
390 2101 465 2145 vero
481 2102 542 2146 non
560 2087 675 2146 absens
690 2087 782 2148 modo
797 2085 958 2163 Popillius,
983 2086 1036 2160 qui
1050 2080 1140 2144 deditis

171 2174 290 2226 contra
305 2167 353 2226 ius
369 2181 405 2225 ac
421 2169 467 2226 fas
482 2169 594 2228 bellum
608 2169 760 2230 intulisset
773 2177 803 2231 et
813 2176 942 2246 pacatos
953 2170 995 2229 ad
1006 2168 1139 2230 rebellium

183 2249 350 2321 incitasset,
367 2251 423 2309 sed
439 2251 593 2327 consules,
607 2254 690 2328 quod
706 2271 767 2315 non
782 2255 901 2314 exirent
913 2254 944 2314 in
960 2250 1140 2328 provinciam
1153 2283 1155 2354 Ι

182 2332 213 2392 in
229 2341 338 2394 senatu
353 2332 502 2409 increpiti.
525 2335 584 2396 boc
599 2353 754 2398 consensu
765 2345 885 2413 patrum
897 2337 1022 2397 accensi
1031 2336 1069 2396 M.
1080 2332 1155 2410 llarg

182 2416 248 2476 eius
264 2415 372 2477 Sermo
394 2426 423 2477 et
439 2419 472 2492 Q.
487 2417 620 2481 Marcius
637 2421 742 2499 Scylla
761 2420 872 2481 tribuni
888 2421 987 2496 plebis
1005 2428 1036 2480 et
1050 2429 1141 2480 consu·

182 2501 262 2561 libus
277 2501 400 2560 multam
416 2517 450 2562 se
465 2503 618 2579 dicturoS,
636 2505 693 2566 nisi
708 2506 738 2564 iu
753 2506 942 2581 provinciam
959 2503 1084 2575 exirent,
1102 2500 1141 2559 de

182 2585 371 2657 nuntiarunt,
398 2593 428 2647 et
450 2589 654 2664 rogationem,
684 2604 775 2664 quarn
797 2588 837 2648 de
861 2587 1025 2664 liguribus
1050 2581 1142 2646 deditis

180 2672 376 2744 promulgare
391 2668 421 2731 in
437 2670 538 2733 animo
554 2672 708 2747 baberent,
723 2673 754 2732 in
769 2667 878 2733 senatu
894 2673 1068 2732 recitarunt.
1087 2681 1143 2728 sau·

182 2750 328 2826 elebatur,
343 2759 377 2812 ut
392 2754 443 2829 qui
458 2771 498 2814 ex
510 2755 642 2816 Statellis
655 2757 766 2818 deditis
781 2757 809 2816 in
821 2756 991 2816 libertatem
1001 2755 1144 2816 restitutus

180 2841 250 2893 ante
267 2834 335 2894 Kal
351 2833 482 2896 Sextiles
503 2837 618 2910 primas
639 2855 699 2899 non
722 2845 819 2911 esset,
842 2840 928 2900 cuius
944 2839 1016 2900 dolo
1038 2832 1144 2897 meleis

179 2915 210 2974 in
228 2918 404 2978 servitutem
416 2919 561 2994 venisset,
583 2929 617 2982 ut
630 2922 745 2983 iuratus
761 2927 887 2984 senatus
903 2925 1089 2995 decerneret,
1103 2913 1145 2992 qlt‘l

179 3013 247 3058 eam
261 3013 323 3059 rern
341 3005 501 3076 quaereret
515 3005 840 3082 animadverteretque
864 3022 903 3066 ex
915 3005 1092 3068 auctoritate
1101 3001 1144 3061 de

178 3080 250 3142 inde
271 3091 395 3145 senatus
417 3101 484 3147 earn
505 3089 695 3162 rogationem
717 3091 955 3168 promulgarunt.
977 3089 1146 3178 priusquam

179 3167 449 3240 proficiscerentur
459 3172 613 3247 consules,
626 3173 657 3233 C.
669 3173 804 3235 Cicereio
816 3175 950 3248 praetori
963 3173 1074 3249 prioris
1084 3164 1146 3242 anni

180 3251 219 3308 ad
240 3251 348 3310 aedem
362 3253 509 3316 Bellonae
530 3263 655 3316 senatus
678 3258 767 3317 datus
789 3265 845 3318 est
868 3256 895 3318 is
911 3256 1060 3333 expositis
1077 3264 1145 3346 quas

178 3332 208 3390 in
224 3334 348 3395 Corsica
361 3352 412 3396 res
429 3337 587 3413 gessisset
600 3341 817 3436 postulatoque
831 3341 943 3402 frustra
955 3333 1126 3414 triumpho
1119 3348 1146 3392 ιιι

176 3419 411 3480 montealbano
412 3422 536 3496 ‚'quod
529 3437 587 3480 ram
598 3439 629 3482 ιιι
639 3437 755 3484 morem
765 3429 900 3500 venerat
911 3431 943 3485 ut
954 3440 1021 3484 sine
1031 3419 1147 3498 ptrblrca
