2368 3858
173 212 233 274 318
320 212 516 271 EPITOMAE
529 209 733 271 LIBRORUM
748 208 1007 270 CXXI-CXXIX.

171 363 242 402 tribus
257 360 404 409 exercitibus,
421 360 459 411 qul
474 359 495 399 lu
511 359 587 400 eadem
603 359 718 411 provincis
732 360 807 406 erant,
828 357 851 397 lu
865 360 999 410 potestatem
1014 367 1077 396 suam
1090 355 1141 396 rede

170 419 214 467 git,
236 415 377 455 Dolabellam
398 416 421 455 ln
442 414 495 453 urbe
510 413 622 454 Laodicea
637 415 752 454 obsessum
767 411 821 452 usuri
836 413 916 464 coegit.
938 411 970 453 bl.
984 422 1076 463 quoque
1089 409 1142 450 Bruti

171 471 231 510 iussu
248 473 274 510 A.
289 470 398 510 Antonius
413 471 492 519 captus
507 468 595 508 occisus
609 470 652 507 est.

225 523 311 565 cxxii.
333 523 364 563 ld.
380 521 461 561 Brutus
480 519 588 562 adsersus
603 520 699 562 Thracas
717 530 825 573 prospera
844 530 890 560 rem
904 521 986 571 gesslt3
1006 517 1143 568 omnibusque

170 578 324 617 transmarinis
343 573 463 627 provincio
482 577 662 627 exercitibusque
681 576 703 614 ln
724 577 857 626 potestatem
876 575 923 613 eius
942 578 966 613 et
987 573 1012 614 C·
1029 572 1101 614 cauti
1118 581 1142 610 re·

170 633 248 679 doctis,
265 628 481 682 coleruntSmyruae
496 632 590 681 uterque
605 629 632 669 ad
648 628 770 669 ordinanda
785 627 839 668 belll
853 626 921 667 luturl
932 625 1035 667 consilia.
1050 625 1082 664 lli.
1095 625 1142 664 hies

169 685 240 725 saliae
255 684 392 734 Poplicolam
408 683 497 723 tratrem
512 685 594 724 slctum
609 684 718 722 communi
735 681 829 722 consilio
845 681 1035 722 condonaverunt.

224 738 321 780 cxxrlr.
344 737 399 777 Sex.
414 736 534 789 Pompeius
548 737 572 778 Μ
602 739 623 777 nl
637 737 708 786 tillus,
724 736 790 777 lectis
805 746 833 775 ex
848 735 917 787 Epiro
931 733 1066 788 proscriptis
1080 743 1106 772 se
1119 731 1142 772 lo·

169 793 256 843 gilleio,
279 803 327 831 cum
342 791 441 831 exercitu
457 791 494 831 dlu
509 793 558 832 sine
573 803 586 831 u
599 792 619 830 le
633 791 677 832 locl
692 791 821 842 cuiusquam
835 789 979 842 possessione
993 785 1116 839 praedatus
1126 787 1143 825 la

169 845 230 892 marl,
249 845 373 884 hiessanam
390 845 496 896 oppidum
511 845 533 885 lu
543 845 622 886 Sicilia
636 846 737 898 primum,
753 843 833 883 deinde
849 845 917 882 totam
932 843 1072 896 provinciam
1087 851 1142 879 occu·

170 900 243 950 parite
262 900 381 950 occisoque
399 901 426 939 A.
446 899 551 951 Pompelo
572 898 689 951 Bithynico
707 902 812 951 praetore
832 897 860 940 0.
880 896 1033 936 Salvidienum
1055 895 1143 946 legatum

169 953 271 994 Caesaris
292 953 364 992 novali
380 952 464 1004 proelio
479 954 540 997 siclt.
563 953 645 994 Cacsar
666 958 689 993 et
702 951 812 993 Antonius
832 962 879 990 cum
894 951 1031 992 exercitibus
1047 949 1070 988 in
1084 949 1143 988 Grae

168 1007 223 1046 clam
238 1007 383 1055 traiecerunt,
404 1005 487 1046 bellum
507 1010 583 1046 contra
598 1008 688 1048 Brutum
709 1010 731 1046 et
746 1005 845 1046 Cassium
860 1007 952 1056 gesturi.
973 1004 1003 1047 Q.
1020 1001 1143 1044 comitiolus

169 1062 190 1100 ln
207 1060 281 1101 Africa
296 1061 320 1103 Τ.
336 1059 445 1107 sextium,
462 1061 617 1102 Cassianarum
632 1063 727 1113 partium
742 1059 827 1108 ducem,
843 1059 928 1111 proelio
943 1058 1005 1098 vicit.

222 1113 317 1154 CXXlV.
338 1115 364 1156 C.
382 1114 464 1155 Caesar
482 1117 505 1154 et
519 1115 628 1155 Antonius
647 1113 706 1168 opud
720 1112 839 1165 Philippos
858 1114 920 1153 vario
940 1113 1023 1152 euentu
1043 1108 1144 1149 adsersus

167 1168 258 1208 Brutum
278 1172 300 1208 et
316 1167 416 1208 Cassium
437 1171 599 1218 pugnaverunt,
621 1171 651 1208 lta
671 1172 696 1208 ut
710 1167 789 1208 dextra
804 1166 914 1217 utrimque
929 1175 1013 1205 cornus
1027 1165 1142 1210 vincerem,

168 1225 191 1262 et
205 1226 278 1262 castra
293 1233 382 1274 quoque
401 1223 511 1273 utrimque
525 1223 552 1262 sb
568 1223 596 1262 lls
610 1225 648 1274 qul
667 1224 766 1263 vicerant
780 1223 967 1274 expugnarentur.
990 1218 1030 1258 sed
1046 1218 1142 1268 inaequs·

168 1277 211 1316 lem
226 1277 335 1317 lortunam
351 1278 444 1328 partium
459 1285 518 1316 murs
533 1276 604 1316 Cassii
620 1277 678 1326 lecit,
695 1278 733 1328 qul
748 1287 796 1315 cum
811 1276 834 1315 ln
849 1286 875 1315 eo
892 1285 963 1314 cornu
977 1273 1070 1320 luisset,
1086 1269 1142 1323 quod

167 1330 255 1384 pulsum
271 1334 325 1378 erat,
342 1335 410 1370 totum
426 1331 546 1370 exercitum
562 1330 635 1371 iusum
650 1334 711 1370 ratus
725 1332 817 1370 mortem
832 1329 874 1369 sibl
890 1327 1005 1368 consciuit
1024 1325 1097 1366 altero
1113 1324 1143 1364 de2

168 1384 220 1423 inde
235 1383 321 1436 proelio
337 1386 408 1423 victus
423 1384 454 1424 M.
471 1386 553 1425 Brutus
566 1387 588 1424 et
603 1385 652 1436 lpse
670 1387 738 1426 rltam
753 1383 835 1431 tinnivit,
857 1385 948 1423 exorato
963 1380 1071 1421 Stratone
1085 1379 1142 1430 lupas

167 1438 258 1486 comite,
281 1441 304 1476 ut
318 1437 361 1476 sibi
375 1437 473 1488 gladium
487 1437 595 1490 adigeret.
611 1441 660 1479 erat
673 1449 779 1479 annorum
793 1437 874 1476 aetatis
888 1437 974 1476 circiter
990 1433 1141 1486 quadragintae

167 1490 260 1530 “inter
274 1500 332 1541 quos
347 1491 374 1534 Q.
391 1491 522 1531 Hortensius
536 1494 624 1532 occisus
639 1496 681 1534 est.

221 1545 306 1586 CXXV.
323 1545 348 1586 (l.
364 1544 448 1585 Caesar
461 1546 538 1585 relicte
554 1550 687 1588 transmare
703 1547 804 1595 Antonio,
821 1556 878 1596 quae
893 1544 1021 1596 provinciae
1036 1553 1065 1582 ex
1079 1543 1141 1594 parti.

167 1600 227 1640 tlorre
248 1599 333 1650 imperil
353 1599 374 1637 ln
394 1601 528 1650 potestatem
548 1602 596 1641 eius
616 1603 742 1648 cesserant,
763 1608 867 1640 reversus
888 1599 910 1638 ln
930 1598 1015 1638 ltaliam
1035 1598 1142 1637 veteranis

165 1662 232 1704 agros
251 1652 335 1694 divisit.
355 1652 478 1694 seditiones
497 1655 609 1694 exercitus
628 1655 676 1703 sul,
698 1666 753 1707 quas
772 1653 868 1705 corruptl
889 1664 903 1692 a
918 1651 995 1692 Fulvia
1009 1651 1042 1692 Μ.
1057 1649 1156 1690 Antonii

167 1717 236 1746 uxore
251 1706 333 1747 milites
347 1707 454 1748 adversus
469 1707 622 1761 imperatorem
637 1719 700 1749 suum
715 1709 894 1755 concitaverant,
908 1717 956 1746 cum
970 1705 1032 1756 gravi
1047 1705 1143 1756 periculo

167 1760 271 1804 inhibuit.
297 1761 321 1800 b.
336 1762 445 1801 Antonius
466 1761 556 1811 consul,
577 1761 607 1801 hl.
623 1763 712 1802 Antonii
728 1761 809 1811 irater,
829 1760 905 1800 eadem
920 1759 998 1800 Fulvia
1013 1758 1141 1800 consiliante

167 1815 248 1854 bellum
266 1815 354 1855 Caesari
370 1814 456 1862 lutullti
471 1817 569 1867 receptis
584 1817 605 1854 lu
620 1821 696 1867 partes
710 1828 763 1858 suas
777 1816 875 1868 populls,
891 1824 983 1866 quorum
999 1813 1047 1864 agri
1061 1815 1141 1852 vetera·

167 1870 201 1910 nis
220 1867 330 1920 adsignatl
351 1872 423 1918 erant,
445 1873 468 1910 et
482 1869 511 1909 lli.
528 1869 627 1921 tepido,
647 1873 684 1922 qui
700 1870 814 1911 custodiae
830 1869 891 1910 urbia
906 1879 955 1908 cum
969 1869 1070 1908 exercitu
1083 1878 1140 1919 prae·

166 1926 219 1970 erut,
235 1922 292 1971 luco,
308 1921 420 1963 hostiliter
434 1924 456 1962 ln
472 1924 546 1963 urbem
561 1923 648 1975 irrupit.

219 1975 335 2019 CXXXVl.
351 1975 433 2019 Caesar
447 1989 496 2018 cum
511 1979 572 2018 essct
586 1989 690 2018 antrorum
706 1978 783 2028 viginti
798 1976 877 2025 trium,
894 1976 1010 2017 obsessum
1025 1975 1048 2015 in
1063 1973 1139 2026 oppido

165 2030 256 2070 Perusia
279 2030 302 2069 L.
326 2031 443 2070 Antonium
465 2034 613 2083 conatumque
634 2031 754 2084 aliquoties
775 2040 890 2082 erumpere
910 2031 932 2069 et
952 2027 1068 2081 repulsum
1089 2028 1140 2068 lause

165 2084 238 2134 coegit
253 2085 273 2122 in
290 2083 423 2124 deditionem
438 2085 526 2133 ventree
546 2087 635 2137 ipsique
650 2089 673 2126 et
688 2085 789 2126 omnibus
804 2083 913 2125 militibus
927 2083 975 2123 elus
990 2083 1089 2133 ignovit,
1105 2081 1140 2122 Pe·

165 2137 246 2177 rusiam
265 2135 340 2179 diruit.
363 2137 505 2189 reductisque
524 2138 546 2177 in
565 2141 698 2190 potestatem
713 2150 774 2180 susm
790 2137 891 2179 omnibus
906 2137 1008 2178 diversae
1022 2137 1093 2189 partis
1107 2147 1140 2176 ex·

164 2191 271 2230 ercltlbus
287 2188 368 2228 bellum
384 2193 440 2231 citra
455 2191 523 2232 ullum
539 2194 668 2243 sarrguinem
683 2193 785 2234 coniecit

218 2241 325 2285 cxxvii.
347 2243 421 2283 Parthi
443 2245 553 2294 bobieno,
575 2247 614 2296 qui
633 2247 814 2300 Pompeianarum
835 2245 931 2298 partium
947 2243 1030 2293 rueret,
1052 2243 1139 2282 ducein

164 2296 250 2347 Syriam
266 2295 398 2348 irruperunt,
414 2299 518 2350 victoque
530 2299 623 2340 Decidio
636 2299 697 2340 Saxa
711 2301 741 2342 hl.
755 2299 847 2340 Antonii
862 2298 935 2350 legato
951 2301 1019 2337 totam
1032 2308 1078 2337 eam
1094 2307 1139 2348 pro·

164 2349 257 2389 vinciam
278 2353 449 2403 occupaverunt.
470 2353 500 2393 bl.
519 2354 627 2394 Antonius
643 2366 691 2394 cum
706 2354 734 2394 ud
748 2355 831 2396 bellum
852 2351 960 2392 adversus
975 2351 1093 2392 Caesarem
1106 2362 1130 2402 ge

163 2402 254 2444 rendum
270 2408 360 2456 paratus
375 2409 442 2454 esset,
458 2415 527 2447 uxore
542 2407 618 2448 Fulvia
632 2411 720 2457 omissa,
736 2418 795 2459 quae
806 2405 936 2447 concordiae
947 2405 1026 2445 (lucum
1036 2405 1139 2450 obstaret,

164 2469 218 2511 pace
238 2458 297 2498 iacta
316 2469 364 2498 cum
384 2459 479 2502 Caesare
500 2472 598 2502 sororem
613 2463 661 2504 elus
676 2462 790 2510 Octaviam
805 2462 827 2501 in
843 2461 1005 2501 matrimonium
1021 2459 1093 2499 duxit.
1112 2458 1137 2502 lt.

163 2511 316 2553 Salvidienum
336 2514 428 2555 consilia
446 2513 529 2556 nelarla
549 2515 657 2557 adversus
677 2515 792 2556 Gaesarem
812 2515 910 2554 molitum
926 2513 1009 2553 indicio
1031 2524 1070 2554 suo
1091 2523 1138 2564 pro-

164 2567 242 2616 traxit,
265 2568 329 2619 isque
349 2567 466 2609 damnatus
481 2572 571 2610 mortem
586 2570 629 2609 sihi
645 2569 758 2613 conscivit.
781 2570 804 2610 P.
819 2567 936 2610 Ventidius
951 2567 1041 2607 Antonii
1056 2566 1137 2618 legatus

163 2621 256 2661 Parthos
271 2621 356 2674 proelio
372 2624 444 2664 victos
459 2623 523 2674 Syria
538 2625 636 2675 expulit,
653 2624 747 2664 Labieno
762 2634 838 2663 eorum
853 2621 909 2662 duce
923 2622 1005 2662 occiso.
1025 2632 1073 2660 cum
1089 2619 1135 2660 vicl·

163 2686 204 2740 piis
223 2675 300 2740 ltaliae
319 2674 389 2717 bostis
407 2675 460 2717 Sex.
480 2677 596 2730 Pompeius
615 2676 714 2717 Siciliam
732 2681 817 2718 teneret
836 2679 860 2716 et
874 2677 1028 2716 commercium
1041 2683 1138 2736 annonae

162 2727 1136 2837 llllitttlllirestituistiltttlliltttlltitiittltliit

215 2837 331 2878 cxxvlll.
348 2839 401 2878 Cum
416 2838 470 2880 Sex.
486 2839 604 2890 Pompeius
618 2849 693 2878 rursus
708 2838 829 2880 latrociniis
843 2848 901 2878 mare
916 2837 1019 2878 infestum
1031 2836 1133 2882 redderet,

163 2902 203 2930 nec
217 2901 293 2942 pacem
309 2902 374 2943 quam
388 2895 504 2943 acceperat
519 2895 648 2944 praestaret,
665 2892 747 2934 caesar
761 2892 886 2934 necessario
902 2891 962 2932 bello
977 2891 1133 2932 adversuseum

162 2946 281 2995 suscepto,
302 2945 388 2984 duobus
407 2946 523 2987 navalibus
542 2946 635 2998 proellis
654 2946 721 2985 dubio
741 2949 819 2988 eventu
839 2946 954 2998 pugnavit.
978 2946 1005 2989 P.
1026 2944 1134 2984 Ventidius

162 2997 252 3048 legatus
264 2998 296 3041 ill.
312 2999 399 3038 Antonii
415 2997 510 3038 Parthos
525 3001 547 3040 ln
562 3000 627 3052 Syria
641 3001 709 3049 vlclt,
730 3011 849 3052 regemque
863 3009 937 3039 eorum
953 2998 1045 3042 occidit.
1066 2996 1133 3039 ludaei

162 3061 252 3102 quoque
259 3063 272 3090 a
280 3051 359 3103 legatis
367 3054 456 3093 Antonii
464 3054 551 3094 subacti
559 3058 618 3096 sunt.
629 3057 744 3106 praeterea
753 3056 807 3095 belli
815 3053 886 3094 Siculi
896 3057 1027 3106 apparatum
1036 3052 1133 3092 continet.

215 3104 313 3150 cxxiii.
333 3105 446 3146 Adversus
466 3106 520 3148 Sex.
536 3107 665 3160 Pompeium
686 3110 747 3148 vario
767 3109 848 3149 eventu
863 3108 981 3147 navalibus
995 3107 1086 3159 proeliis
1099 3115 1131 3156 pll-

161 3160 250 3211 gnatum
267 3163 314 3209 eat,
335 3161 405 3201 itaut
420 3172 448 3200 ex
464 3160 550 3201 duabus
565 3162 666 3204 Caesaris
686 3163 796 3203 classibus
811 3161 894 3210 alters,
915 3162 951 3201 cui
965 3163 1064 3214 Agrippa
1077 3168 1129 3211 prse-

161 3215 215 3262 crat,
232 3214 336 3263 vinceret,
351 3213 429 3264 altera,
445 3225 510 3264 quam
522 3215 604 3257 Cacsar
620 3217 719 3265 duxerat,
736 3215 809 3257 deleta
824 3215 919 3268 expositi
935 3217 956 3256 ln
968 3217 1050 3256 terram
1058 3212 1131 3254 milltes

161 3269 182 3306 ln
197 3279 276 3318 magno
295 3268 394 3320 periculo
410 3274 493 3314 essent.
514 3269 587 3311 victus
602 3269 681 3310 deinde
696 3270 814 3322 Pompeius
829 3269 851 3308 in
866 3268 967 3310 Siciliam
979 3268 1085 3325 profugit.
1105 3263 1130 3306 ll.

161 3322 272 3373 Lepidus,
294 3322 332 3372 qul
351 3335 379 3362 ex
395 3323 468 3363 Africa
488 3324 549 3364 velut
567 3323 595 3362 ad
610 3325 737 3365 societatem
752 3323 806 3365 belli
821 3327 899 3362 eontra
912 3322 967 3362 Sex.
986 3323 1130 3374 Pompeiuma

162 3375 256 3415 Caesare
270 3375 361 3426 gerendi
375 3378 501 3425 traiecerat,
517 3387 565 3416 cum
581 3376 663 3416 bellum
678 3376 766 3418 Caesari
782 3387 871 3429 quoque
886 3377 989 3426 interret,
1004 3376 1094 3418 relictus
1106 3371 1129 3411 Ab

161 3431 270 3478 exercitu,
286 3431 390 3480 abrogato
406 3431 558 3470 triumviratus
572 3429 653 3468 honore
668 3433 734 3470 vitam
751 3431 884 3482 impetravit.
905 3431 936 3473 lll.
952 3433 1051 3483 Agrippa
1065 3425 1128 3468 nsvsll

162 3489 241 3519 corona
255 3493 268 3520 a
285 3485 378 3523 Caesare
394 3483 489 3520 donatus
504 3486 550 3530 est;
565 3485 603 3532 qui
619 3481 689 3524 honos
702 3483 757 3524 nulli
772 3487 823 3524 ante
838 3496 887 3524 euru
903 3482 993 3525 habitus
1008 3487 1062 3524 erat.
