2364 3862
187 197 249 262 236
312 195 427 255 LIBER
438 195 542 254 xilv.
566 192 815 254 capessam.
837 189 874 266 [a.
887 189 1026 266 ιιιιιι]

186 356 258 412 runt
275 345 307 408 in
327 347 426 408 littore
440 345 638 406 Macedones.
664 341 769 416 viginti
789 337 919 400 eximiae
932 353 1029 416 equos
1044 338 1137 398 tornae

189 450 257 494 oum
278 431 408 507 captivis
428 427 556 489 eosdem
570 427 678 488 decem
691 424 827 496 lembos,
853 438 933 498 quos
948 428 1016 482 ante
1029 423 1139 495 misem,

188 519 328 581 Antenor
342 511 495 574 devehere
509 509 759 572 Thessalonicam
773 506 873 580 iussit,
889 514 919 567 ct
928 504 1026 580 primo
1038 519 1140 579 quoquc

188 607 325 676 tempore
346 597 387 656 ad
407 597 540 656 classem
559 593 687 654 reverti.
716 589 829 650 Phanis
851 605 887 650 se
901 605 958 648 eos
972 593 1138 662 exspectata

187 699 265 746 rum.
286 680 418 741 triduum
432 679 528 738 terme
543 675 654 738 classis
668 675 709 736 ad
723 675 832 736 urbem
847 667 938 733 stetit
960 671 1073 731 Phanas
1085 670 1144 730 indo

188 764 347 842 progressi
369 768 456 837 sunt,
488 769 519 820 ct
539 775 597 836 spe
617 759 748 821 celerius
767 757 904 818 reversis
927 756 1034 816 decem
1054 753 1140 814 lem

188 849 286 910 evecti
299 851 425 920 Aegaeo
441 844 517 904 mari
532 845 639 904 Delum
655 841 849 903 traiecerunt.

271 929 376 990 XXlX.
397 930 476 989 Dum
495 928 572 987 haec
592 933 752 1002 geruntur,
769 924 863 999 legati
876 920 1052 983 Romanic
1063 919 1123 992 Pop'
1141 922 1142 925 ’

190 1013 249 1075 lius
265 1013 341 1074 etc·
356 1012 510 1073 Decimius
525 1011 601 1070 etc.
616 1010 766 1070 Hostilius
782 1024 801 1067 a
815 1007 960 1068 Clralcide
976 1002 1095 1081 proieci
1105 1001 1140 1062 tri

189 1097 246 1158 bus
272 1095 543 1172 quinqueremibus
564 1094 672 1154 Delum
694 1107 764 1152 eum
784 1092 962 1163 venissent,
987 1086 1141 1148 ιιιιιιιιιιιι

188 1181 392 1241 Macedonum
407 1177 608 1255 quadraginta
622 1183 652 1236 et
667 1176 804 1251 quinque
818 1173 901 1249 regis
917 1169 1117 1234 Eumenis
1077 1188 1140 1244 q

189 1279 351 1340 queremes
365 1260 553 1322 invenerunt.
569 1259 716 1322 sanctitas
729 1259 834 1334 templi
845 1257 1050 1333 insulaeque
1043 1255 1136 1314 invio

190 1354 237 1408 tos
269 1348 446 1422 praestabat
477 1359 595 1405 omnes.
626 1343 731 1418 itaque
756 1341 899 1418 permixti
924 1339 1134 1413 Romanique

188 1431 375 1491 Macedones
397 1435 427 1489 et
445 1428 589 1488 Eumenis
604 1428 731 1487 navales
747 1426 824 1486 socii
839 1424 1019 1501 intemplo,
1039 1420 1134 1482 indui»

189 1512 337 1586 religione
362 1512 423 1572 loci
447 1512 628 1588 praebente,
655 1510 866 1570 versabantur
903 1511 1046 1569 Antenor
1067 1505 1139 1564 Pers

190 1598 374 1670 praelectus,
389 1611 457 1654 cum
473 1594 593 1670 aliquas
608 1594 668 1654 alto
684 1593 832 1669 praeferri
847 1593 1009 1654 onerarias
1023 1600 1150 1650 navesut

191 1680 326 1753 speculis
348 1677 552 1752 significatum
574 1679 667 1752 toret,
696 1683 785 1753 parte
805 1677 1009 1738 lamborum
1000 1689 1067 1750 lpse
1086 1672 1147 1730 iose-

191 1778 300 1836 quens,
316 1767 402 1838 parte
417 1777 473 1836 per
484 1761 636 1838 Cycladas
650 1760 811 1836 disposita,
825 1767 1044 1836 praeterquam
1055 1755 1143 1830 siqu·

189 1845 401 1906 Macedoniam
415 1851 562 1921 peterent,
579 1860 686 1905 omnes
699 1851 752 1904 aut
766 1843 983 1919 supprimebat
998 1851 1049 1904 aut
1059 1837 1147 1916 spolia

190 1929 242 1987 bat
267 1945 373 1990 naves.
407 1929 519 2004 quibus
545 1935 666 2004 poterat
690 1927 839 2002 Popillius
864 1927 930 1988 suis
955 1934 1011 1988 aut
1030 1921 1150 1985 Eume

191 2010 321 2073 navibus
336 2013 549 2072 succurrebata
565 2012 622 2072 scd
636 2011 717 2072 vecti
731 2017 822 2072 nocte
836 2011 918 2071 binis
934 2018 990 2072 aut
1002 2011 1094 2072 ternis
1103 2007 1139 2082 pl

190 2110 321 2166 rumque
345 2094 453 2155 lembis
473 2095 661 2156 Macedones
676 2095 830 2155 fallebant.
852 2095 955 2170 perid
970 2096 1039 2155 lere
1053 2100 1152 2166 tempu

192 2177 282 2247 legati
295 2177 482 2238 Macedones
497 2177 655 2254 Illyriique
669 2178 758 2239 simul
772 2177 916 2239 Rhodum
929 2183 1089 2248 venerunt,
1103 2173 1153 2250 qai·

192 2257 250 2314 bus
266 2259 481 2352 auctoritatem
502 2261 619 2324 addidit
638 2278 700 2323 non
722 2263 898 2322 lemborum.
912 2265 1009 2323 modo
1025 2263 1154 2322 adventus

192 2353 308 2414 passim
330 2357 385 2417 per
405 2341 557 2420 Cycladas
585 2353 678 2420 atquc
697 2349 855 2420 Aegaeum
875 2348 1054 2420 vagantium
1079 2355 1156 2412 mare,

193 2421 250 2480 sed
265 2424 355 2487 etiam
370 2425 566 2487 coniunctio
559 2443 628 2503 ipsa
641 2445 749 2504 regum
759 2428 863 2490 Persei
876 2429 1042 2505 (lentiique
1053 2436 1083 2490 et
1093 2428 1155 2486 lam

193 2520 260 2565 oum
292 2525 404 2584 magno
438 2527 564 2572 numero
598 2512 733 2588 peditum
760 2513 963 2589 equitumque
988 2509 1158 2574 venientia

194 2588 357 2652 Gallorum.
386 2594 444 2652 et
436 2610 496 2654 iarn
517 2610 586 2654 cum
608 2597 818 2657 accessissent
831 2596 925 2657 animi
938 2597 1054 2658 Dinoni
1068 2593 1158 2656 aolo-

193 2673 320 2750 lgarato,
342 2694 394 2752 qur
386 2676 513 2737 'Persei
528 2677 658 2751 partium
673 2687 776 2752 erant,
796 2696 857 2739 non
871 2679 1007 2755 benigne
1022 2681 1111 2742 modo
1123 2691 1158 2736 re·

193 2770 343 2828 sponsum
357 2759 483 2834 regibus
496 2767 551 2832 est,
567 2762 623 2820 sed
637 2763 737 2836 palam
748 2763 979 2837 pronuntiatum
990 2763 1073 2826 bello
1084 2763 1159 2824 lineo

194 2851 229 2894 se
249 2843 427 2902 auctoritate
447 2858 505 2904 sua
525 2843 723 2917 imposituros
743 2862 830 2907 esse=
853 2848 981 2923 itaque·
973 2850 1036 2922 ipsi
1053 2855 1160 2925 quoque

194 2933 284 2990 reges
305 2939 424 2999 aequos
445 2925 624 2986 adhiberent
637 2929 757 2990 animos
772 2931 812 2990 ad
827 2946 937 3018 pacem
946 2931 1170 3028 accipiendam

276 3004 367 3065 XXX.
388 3007 450 3066 Iam
473 3008 554 3068 veris
575 3009 757 3087 principium
779 3021 858 3087 erat,
881 3016 1020 3111 novique
1034 3010 1159 3077 ducesin

194 3085 368 3156 provincias
407 3099 570 3167 venerant
598 3097 706 3156 consul
730 3098 908 3158 Aemilius'
900 3115 931 3158 ιιι
952 3098 1170 3186 Macedoniani,

194 3163 337 3232 Octavius
358 3171 468 3233 Oreum
488 3175 529 3236 ad
549 3179 695 3252 classem,
721 3181 884 3241 Anicius
875 3199 906 3240 ιιι
928 3182 1099 3261 Illyricum,
1122 3175 1160 3238 coi

194 3249 368 3317 bellandum
389 3258 538 3320 adversus
561 3261 709 3323 Gentium.
740 3270 825 3338 patre
844 3264 988 3328 Pleurato
1009 3281 1084 3341 rege
1102 3263 1159 3338 llly-

193 3331 306 3394 riomm
321 3345 351 3398 et
364 3348 459 3400 matre
472 3343 628 3420 Eurydica
648 3348 767 3418 genitus
783 3349 892 3408 iratres
908 3349 1003 3424 duos,
1024 3350 1159 3409 Platorem

195 3419 324 3491 utroque
339 3428 474 3498 parente,
490 3425 699 3488 Caravantium
714 3438 809 3489 matre
823 3431 932 3490 eadem
946 3395 1052 3494 natum
1062 3428 1161 3492 habuit
