2368 3858
232 147 344 208 LIBER
359 147 449 212 va.
471 146 554 207 cAP.
569 154 613 210 26.
625 153 669 210 al.
692 153 730 220 [a.
742 150 774 204 c.
786 151 849 219 167]
964 143 1027 209 279

61 314 125 362 esse
144 298 257 360 liberos
275 297 397 360 iubere=
420 299 581 374 praesidia
596 313 636 360 ex
651 297 794 364 omnibus
810 300 934 377 oppidis
949 301 1024 362 arei·

62 383 111 446 hus
126 389 154 444 et
168 383 302 444 castellis
318 397 390 444 sese
404 382 615 444 deducturum.
637 399 698 444 non
714 383 814 446 solum
829 384 954 458 liberos,
969 385 1026 446 sed

63 468 139 528 etiarn
149 465 298 528 immunes
310 467 377 528 lore
388 467 530 526 Issenses
544 472 575 528 et
584 465 768 540 Taulantios,
780 468 1026 530 Dassaretiorum

60 551 191 626 Pirustas,
206 549 394 622 Rhizonitas,
417 548 590 624 Olciniatas,
606 551 690 625 qued
704 549 849 614 incolumi
864 551 973 616 Gentio
987 552 1026 614 ad

59 636 203 696 Romanos
215 633 412 694 deiecissent
423 631 569 694 Daorseis
582 650 706 712 quoque
717 633 1026 710 immunitatemdare,

59 718 132 793 quod
147 719 255 779 relicte
271 716 450 780 Caravantio
465 733 534 778 cum
554 716 647 781 armis
667 718 707 780 ad
726 718 884 782 Romanos
899 719 1025 782 transis-

58 807 126 862 sent.
144 800 373 864 Scodrensibus
393 807 425 861 el
437 800 680 864 Dassarensibus
701 809 732 866 et
745 800 931 879 Selepitanis
945 809 1026 866 cete·

57 886 151 962 risque
161 885 275 964 illyriis
288 885 416 958 vectigal
428 883 584 944 dimidium
595 884 769 960 impositum
781 886 859 963 eius,
872 885 1026 963 quodregi

58 969 278 1045 pependissent
300 967 395 1028 inde
386 985 418 1028 ιιι
432 975 495 1028 tres
510 976 614 1042 partes
628 969 783 1048 Illyricum
798 970 909 1032 diuisit.
932 987 1025 1034 uuam

8 1055 9 1064 ³
58 1067 116 1114 earn
129 1053 200 1113 lecit
219 1067 301 1128 quae
315 1066 410 1127 supra
425 1049 506 1112 dicta
520 1060 582 1126 est,
604 1053 728 1114 alteram
742 1053 893 1116 Labeatas
910 1069 1025 1128 omues,

7 1095 10 1202 l

56 1133 161 1196 tertiam
172 1135 383 1211 Agrauonitas
391 1143 422 1196 et
432 1134 610 1197 Rhizonitas
623 1141 653 1194 et
665 1133 829 1200 Olciniatas
840 1137 1027 1211 accolasque

7 1203 9 1260 i
56 1233 159 1280 eorum.
182 1220 245 1280 hac
260 1220 390 1279 lormula
404 1218 507 1280 dicta
500 1235 530 1278 ιιι
541 1219 698 1297 Illyricos
691 1235 760 1295 lpse
775 1220 805 1284 ln
819 1219 903 1295 Epiri
914 1219 1024 1282 Passa·

55 1317 150 1364 renem
165 1303 196 1364 in
211 1303 343 1364 hiberna
356 1303 454 1367 rediit.

126 1387 250 1448 XXVII.
271 1389 349 1449 Dum
370 1386 447 1450 baec
460 1386 490 1450 iu
505 1387 628 1466 Illyrico
643 1393 804 1463 geruntur,
828 1386 941 1450 Paulus
956 1393 1026 1450 ante

55 1470 207 1532 adventum
233 1471 341 1536 decem
360 1473 529 1546 legatorum
544 1471 578 1544 Q.
592 1470 758 1532 Maximum
780 1470 889 1546 illium,
911 1473 971 1535 iarn
986 1471 1026 1534 ab

56 1553 141 1622 homa
161 1571 358 1632 regressum,
378 1555 420 1616 ad
440 1555 602 1630 Aeginium
623 1563 654 1616 ct
674 1557 814 1631 Agassas
837 1554 1026 1631 diripiendas

55 1637 139 1713 mittit,
153 1640 307 1715 Agassas,
323 1639 407 1716 quod
421 1654 489 1700 cum
504 1638 619 1700 Marcio
632 1640 751 1704 consuli
765 1639 961 1701 tradidissent
975 1654 1026 1700 ur

55 1719 113 1780 bem
128 1725 222 1799 petita
236 1723 315 1784 ultro
331 1719 479 1784 societate
493 1723 647 1797 Romana,
667 1723 845 1784 deiecerant
855 1737 971 1784 ‘rursus
986 1721 1024 1780 ad

57 1802 167 1866 Persea.
190 1805 422 1880 Aeginiensium
445 1821 558 1866 novum
574 1807 688 1866 crimen
709 1813 789 1866 erata
814 1807 914 1864 lamae
927 1804 968 1864 de
982 1803 1027 1862 vi·

57 1889 140 1950 cloria
152 1890 365 1951 Ronlanorum
378 1889 471 1952 iidem
488 1905 548 1950 non
564 1890 722 1962 habentes,
738 1887 769 1949 in
787 1887 940 1964 quosdam
949 1886 1026 1948 mili·

56 1975 109 2032 lum
127 1974 236 2034 urbem
257 1972 416 2048 ingressos
431 1973 580 2035 hostiliter
599 1971 782 2037 saevierant.
804 1971 845 2036 ud
859 1967 1025 2036 Aenianum

58 2070 169 2133 quoque
193 2057 303 2118 urbem
327 2054 530 2132 diripiendam
555 2057 589 2118 L.
612 2057 798 2122 Postumium
818 2053 912 2126 misit,
941 2054 1026 2130 quod

55 2140 234 2212 peruectus
256 2157 348 2216 quarn
363 2140 507 2202 finitimae
522 2140 661 2204 civitates
675 2141 706 2204 in
720 2141 812 2204 amris
828 2141 955 2202 sumant
974 2155 1027 2200 aue

56 2225 157 2284 Aumni
173 2226 241 2286 lere
255 2231 377 2300 tempus
392 2231 473 2295 eratr
494 2225 582 2286 cuius
593 2225 741 2302 teutperis
750 2225 834 2286 initio
845 2225 883 2286 ad
897 2224 1026 2286 circum-

56 2307 176 2368 eundam
186 2309 348 2370 Graeciam
357 2307 550 2384 visendaque
561 2326 642 2384 quae
652 2309 809 2372 nobilitata
820 2307 899 2370 lama
911 2306 1027 2368 maiora

56 2390 170 2454 auribus
186 2398 316 2467 accepta
330 2398 416 2466 sunt,
437 2409 528 2466 quam
545 2393 642 2456 oculis
657 2401 841 2465 noscuntur,
866 2397 900 2452 ut
915 2389 1026 2462 statuit,

56 2477 226 2552 praeposite
248 2475 358 2538 castris
379 2476 411 2537 c.
427 2474 563 2552 Sulpicio
580 2477 665 2538 Gallo
687 2477 844 2552 proiectus
860 2490 929 2538 curu
944 2471 1026 2533 haud

56 2571 155 2634 magno
172 2559 333 2633 comitatu,
358 2559 529 2636 tegentibus
544 2563 639 2622 latera
653 2558 797 2634 Scipione
812 2556 875 2618 illio
890 2561 920 2618 et
933 2553 1026 2616 Athe·

56 2655 125 2708 ntea
139 2643 286 2706 Emmenis
305 2643 388 2720 regis
412 2644 504 2706 fratre
518 2659 574 2719 per
588 2643 776 2704 Thessaliam
791 2639 928 2715 Delphos
944 2638 1027 2714 petit,

56 2721 191 2794 inclutum
204 2729 378 2799 oraculum
400 2726 454 2788 uhi
464 2727 617 2788 sacrificio
627 2724 763 2802 Apollini
775 2726 855 2786 lacte
867 2722 1027 2785 inchoatas

58 2807 254 2878 investibulo
275 2812 451 2885 columnas,
480 2812 591 2886 quibus
613 2808 784 2886 imposituri
806 2814 924 2872 statuas
944 2803 1027 2881 regis

56 2889 150 2958 Persai
176 2896 310 2970 sueram,
338 2895 404 2959 sals
425 2896 533 2956 statuis
555 2895 654 2956 vietor
672 2893 846 2958 destinavit
874 2890 1028 2954 Lebadiae

57 2993 173 3054 auoque
195 2979 339 3054 ternplum
360 2978 444 3038 lovis
462 2978 628 3054 lnophonii
647 2979 727 3040 adit·
753 2976 795 3039 ibi
816 2993 885 3039 cum
898 2975 1029 3036 uidisset

57 3074 88 3120 os
107 3079 239 3144 specus,
264 3077 321 3138 per
339 3063 424 3140 quod
446 3063 570 3124 oraculo
598 3069 719 3124 utentes
739 3063 928 3126 sciscitatum
949 3060 1027 3118 deos

58 3142 254 3221 descendunt,
276 3146 429 3210 sacrificio
444 3146 509 3207 lovi
523 3146 770 3225 Hercynnaeque
784 3148 874 3218 lacto,
898 3157 1027 3218 quorum

58 3224 92 3288 lbi
105 3231 249 3307 templum
261 3236 318 3304 est,
335 3230 507 3292 Glnalcldem
519 3231 557 3289 ad
571 3231 780 3306 spectaculum
791 3228 896 3303 Euripi
907 3225 1026 3284 Euhoe

59 3324 148 3386 acque
161 3321 264 3376 tantae
278 3314 406 3388 insulae,
421 3319 515 3388 ponte
530 3313 696 3378 continenti
710 3313 841 3386 lebetae,
857 3307 1026 3370 descendit.

58 3396 224 3460 aclralcide
238 3396 380 3458 Aulidem
394 3396 501 3470 traicit,
516 3397 605 3458 trium
616 3397 730 3457 milium
743 3395 843 3470 spatio
856 3391 1026 3462 distantem,
