2364 3862
153 217 215 279 rao
299 206 753 274 LlBERXLlV.cAl>.11.1n.
776 183 973 272 [cottas]

151 368 278 427 adortus
293 362 421 423 tumultu
434 359 544 417 iniecto
560 357 589 414 in
612 351 784 412 custodiam
801 349 868 407 eius
883 344 943 405 loci
957 356 1124 418 propugna-

153 460 234 510 tores
252 446 338 508 urbis
364 441 534 503 avertisset.
569 444 656 497 erant
675 437 705 494 in
730 431 886 508 praesidio
913 425 1129 493 Cassandreae,

152 541 274 610 praeter
306 545 368 589 non
400 521 652 585 contemnendam
685 519 872 577 iuventutem
901 510 1128 586 oppidanorum,

153 614 316 690 octingenti
336 609 488 684 Agrianes
509 614 539 667 et
559 606 621 664 duo
642 602 723 661 milia
743 600 941 658 Penestarum
954 593 1127 670 Illyriorum,

153 700 326 760 aPleurato
347 693 419 753 inde
440 691 540 762 missi,
561 687 742 746 bellicosum
762 689 926 755 utrumque
946 692 1055 753 genus.
1086 673 1128 732 bis

153 781 309 844 tuentibus
321 791 436 846 muros,
452 791 521 833 curn
531 770 635 832 subire
647 767 776 828 Romani
789 779 909 826 summa
918 761 948 820 vi
961 760 1128 829 niterentur,

156 871 309 926 momento
325 858 472 934 temporis
490 857 622 931 parietes
644 851 793 912 fornicum
816 845 951 923 perfossi
966 843 1070 905 urbem
1080 857 1126 915 pa-

155 951 333 1009 tefecerunt.
364 942 448 1018 quod
460 941 486 1000 si
500 940 551 1014 qui
563 939 702 1010 irrupere
714 934 821 992 armati
831 932 972 1002 luissent,
983 924 1128 998 extemplo

155 1031 320 1107 cepissent.
349 1026 410 1086 hoc
421 1025 474 1085 ubi
489 1023 656 1100 perlectum
672 1033 744 1078 esse
765 1032 846 1090 opus
862 1013 1007 1073 militibus
1021 1008 1130 1069 nuntia-

155 1125 218 1176 tum
237 1121 298 1183 est,
321 1113 484 1171 clamorem
505 1109 623 1166 alacres
644 1100 757 1177 gaudio
777 1105 906 1174 repente
928 1096 1051 1166 tollunt,
1070 1090 1129 1150 aliis

156 1207 242 1273 parte
263 1196 323 1257 alia
343 1194 374 1253 in
394 1193 501 1254 urbem
520 1187 690 1262 irrupturis.
717 1184 781 1243 Xll.
805 1182 912 1242 hostes
935 1178 1065 1254 primum
1084 1173 1129 1234 ad-

156 1283 274 1340 miralio
301 1279 396 1353 cepit,
425 1275 570 1350 quidnam
602 1269 660 1330 sibi
685 1265 865 1342 repentinus
898 1264 1016 1322 clamor
1041 1260 1131 1317 vellet.

157 1371 320 1439 postquam
334 1367 438 1436 patere
448 1357 554 1417 urbem
569 1367 719 1428 accepere
730 1349 878 1424 praelecti
886 1343 1033 1423 praesidii
1042 1341 1132 1418 Phyto

159 1455 189 1505 et
201 1446 375 1519 Philippus,
397 1458 453 1516 pro
472 1456 509 1500 eo
525 1438 576 1514 qui
593 1441 777 1510 occupasset
791 1431 919 1506 adgredi
934 1445 1015 1503 opus
1031 1428 1133 1485 lactum
1160 1427 1164 1438 '

159 1529 308 1599 esseron,
321 1541 389 1584 cum
400 1523 503 1582 ualida
513 1535 605 1580 manu
616 1519 785 1594 Agrianum
797 1515 1034 1592 Illyriorumque
1044 1525 1131 1569 erum·

160 1617 241 1686 punt,
256 1611 490 1681 Romanosque,
515 1604 567 1679 qui
587 1602 637 1662 alii
654 1601 776 1662 aliunde
792 1600 915 1660 coibant
929 1593 1132 1656 convocaban-

158 1704 283 1768 turquc,
306 1701 338 1753 ut
351 1693 439 1765 signa
454 1690 484 1748 in
501 1688 604 1747 urbem
624 1686 785 1757 inferrent,
806 1680 1031 1755 incompositos
1054 1683 1136 1750 atque

159 1778 347 1837 inordinatos
368 1777 472 1848 fugant
492 1777 781 1847 persequunturque
794 1766 835 1825 ad
852 1768 986 1835 fossam,
1007 1764 1038 1819 in
1055 1773 1136 1834 quan

159 1863 339 1934 compulsos
360 1858 448 1918 ruina
470 1855 633 1916 cumulant.
661 1851 799 1911 sexcenti
818 1851 914 1909 terme
928 1847 970 1907 ibi
985 1841 1136 1913 interlecti,
1181 1846 1182 1867 ¹

160 1959 329 2017 omnesque
351 1955 465 2015 prope,
487 1939 538 2014 qui
561 1938 638 1997 inter
659 1951 777 1995 murum
799 1933 980 2004 fossamque
998 1923 1137 2003 deprensi

160 2033 253 2096 erant,
268 2025 474 2083 vulnerantur.
497 2021 538 2080 ita
553 2037 610 2080 suo
627 2021 696 2092 ipse
712 2025 824 2077 conatu
839 2015 1006 2090 perculsus
1023 2017 1137 2086 praetor

160 2108 284 2178 segnior
298 2106 337 2164 ad
349 2107 408 2163 alia
420 2107 517 2164 lactus
534 2102 662 2162 consilia
672 2110 747 2162 erat.
774 2109 805 2160 et
820 2115 859 2159 nc
868 2097 998 2158 Eumeni
1012 2095 1136 2171 quidem,
1181 2098 1182 2101 ’

162 2188 251 2247 simul
272 2204 291 2245 a
314 2188 387 2244 mari
403 2187 525 2246 simula
546 2194 628 2244 terra
648 2184 853 2258 adgredienti,
880 2183 1050 2257 quicquam
1070 2175 1136 2238 satis

162 2269 357 2344 procedebat.
390 2269 503 2342 placuit
524 2267 614 2340 igitur
634 2268 755 2342 utrique
777 2267 925 2326 custodiis
941 2262 1087 2332 firmatis,
1107 2273 1139 2318 ne

162 2352 246 2446 quod
260 2351 445 2425 praesidium
459 2368 498 2412 ex
509 2351 691 2411 Macedonia
701 2351 855 2412 intromitti
871 2354 988 2424 posset,
1003 2345 1139 2421 quoniam
1173 2332 1175 2335 ’

161 2450 208 2492 vrs
223 2444 329 2508 aperta
342 2451 404 2494 non
421 2435 637 2508 processisset,
653 2435 801 2510 operibus
817 2432 940 2494 moenia
955 2443 1138 2506 oppugnare.
1181 2434 1182 2443 ’

163 2518 239 2576 baec
264 2519 441 2592 parantibus
461 2519 508 2578 bis
531 2519 637 2578 decem
658 2519 735 2592 regii
756 2517 847 2576 lembi
869 2519 907 2576 ab
925 2512 1140 2575 Thessalonica

164 2616 232 2659 curn
254 2602 380 2662 delectis
400 2603 553 2663 Gallorum
575 2601 774 2661 auxiliaribus
795 2600 899 2672 missi,
926 2615 997 2658 cum
1023 2599 1055 2656 in
1079 2595 1138 2656 salo

164 2684 431 2781 stantesnhostium
446 2703 542 2746 naves
557 2685 803 2759 conspexissent,
820 2683 880 2758 ipsi
896 2684 1034 2744 obscura
1049 2686 1138 2748 nocte,
1181 2680 1182 2683 ’

164 2768 294 2859 simplior
312 2769 434 2842 ordine,
457 2786 548 2845 quam
570 2774 711 2844 poterant
732 2767 872 2842 proxime
892 2769 977 2828 littus
999 2769 1139 2828 tenentes,

163 2854 309 2943 intrarunt
323 2852 438 2910 urbem.
468 2853 558 2912 huius
580 2851 651 2911 novi
670 2850 816 2926 praesidii
831 2853 912 2910 lama
926 2849 1079 2910 absistere
1092 2861 1138 2918 op-

166 2937 351 3026 pugnatione
366 2933 455 2994 simul
465 2937 620 2995 Romanos
634 2950 801 3009 regemque
816 2935 925 3008 coegit.
953 2925 1140 2992 circumvecti

165 3019 405 3082 promontorium
421 3019 460 3076 ad
470 3019 610 3078 Toronen
627 3020 759 3078 classem
773 3019 969 3093 appulerunt.
993 3032 1061 3075 earn
1073 3026 1138 3088 quo·

166 3107 226 3165 ‘lue
247 3108 428 3191 oppugnare
444 3102 557 3173 adorti,
576 3102 628 3162 ubi
649 3101 751 3160 valida
766 3102 890 3160 delendi
905 3116 1000 3159 manu
1014 3093 1139 3158 animad-

164 3180 331 3269 verterunt,
358 3183 442 3242 irrito
467 3185 589 3260 incepto
609 3186 832 3246 Demetriadem
861 3189 978 3259 petunt.
1013 3181 1139 3241 ibicum

165 3272 450 3352 appropinquantes
465 3271 581 3342 repleta
596 3269 716 3328 moenia
732 3269 854 3328 armatis
870 3266 1038 3338 vidissent,
1061 3273 1139 3338 prae

165 3342 343 3434 tervectrnod
360 3345 465 3408 lolcon
481 3353 612 3411 classem
628 3352 828 3426 appulerunt,
850 3351 922 3411 inde
937 3367 1013 3424 agro
1028 3349 1139 3406 vastato

165 3417 388 3485 benten-ladem
405 3447 529 3508 quoque
545 3435 731 3508 adgressuri.
