2328 3870
173 215 215 278 92
351 213 467 274 LIBER
484 213 546 274 XL.
569 213 652 274 CAP.
664 221 708 275 44.
721 222 764 276 45.
787 219 823 287 [a.
836 217 872 272 U.
883 235 907 270 c.
918 217 978 285 573]

173 367 255 429 milia
276 367 411 444 peditum
431 367 655 439 Romanorum,
681 372 834 426 trecentos
856 363 988 442 equites,
1013 367 1126 444 quinque

172 451 255 513 milia
275 451 430 512 sociorum
447 449 544 510 Latini
565 447 696 512 nominis
718 457 749 510 et
769 449 1005 525 quadringentos
1019 452 1125 527 equites.

172 536 206 596 P.
220 535 339 595 Mucius
356 534 507 595 Scaevola
521 531 670 594 urbanam
690 534 815 594 sortitus
837 533 1020 608 provinciam
1035 541 1087 608 est,
1103 542 1125 594 et

172 627 206 681 ut
220 619 300 680 idem
322 623 484 695 quaererer
498 616 538 676 de
551 615 710 677 veneficiis
726 616 755 676 in
771 617 848 677 urbe
862 623 892 677 et
906 617 1028 693 propius
1041 617 1126 677 urben

173 705 281 764 decem
300 702 381 761 milia
402 715 565 775 passuum,
589 701 642 762 cn.
657 699 815 762 Cornelius
831 699 936 776 Scipio
952 701 1125 776 peregrinam,

173 787 207 860 Q.
222 785 341 847 Mucius
362 785 512 846 Scaevola
534 781 682 856 Siciliam,
706 783 737 843 C.
752 785 893 845 Valerius
914 784 1058 845 Laevinus
1071 782 1125 844 Sar·

172 870 295 930 diniem.

258 950 291 1024 Q.
312 951 437 1010 Fulvius
462 952 570 1012 consul
596 951 777 1026 priusquam
803 954 895 1012 ullam
915 950 1125 1026 rempublicam

173 1044 291 1109 ageret,
308 1032 439 1094 liberare
453 1042 483 1095 et
497 1047 532 1094 se
546 1042 577 1094 et
589 1050 654 1096 rem
668 1035 821 1111 publicam
835 1036 983 1111 religione
995 1033 1067 1094 votis
1080 1033 1125 1094 sol·

172 1118 280 1180 vendis
295 1117 370 1178 dixit
384 1119 472 1178 velle.
496 1119 621 1179 vovisse
636 1135 697 1194 quo
715 1117 766 1179 die
780 1125 970 1195 postremum
985 1133 1048 1178 cum
1058 1115 1125 1176 celu-

171 1203 254 1263 beris
284 1209 454 1277 pugnasset
480 1202 571 1262 ludos
599 1199 666 1262 lovi
691 1201 806 1278 optimo
831 1203 965 1264 maximo
988 1209 1018 1260 et
1040 1199 1125 1260 aeden

172 1286 309 1362 equestri
321 1286 475 1346 Fortunae
490 1301 562 1345 sese
583 1286 747 1346 facturum:
770 1286 799 1344 in
815 1303 884 1347 eam
902 1303 965 1348 rem
979 1284 1034 1346 sibi
1053 1298 1125 1358 pecu·

172 1369 252 1429 ulam
268 1370 410 1429 collatam
425 1385 497 1428 esse
511 1368 550 1429 ab
561 1367 717 1444 Hispanis.
739 1369 802 1429 ludi
815 1371 941 1443 decreti,
957 1377 987 1430 et
999 1376 1029 1428 ut
1041 1367 1124 1426 duum·

171 1451 226 1510 viri
242 1452 281 1511 ad
297 1450 405 1510 aedem
419 1451 581 1512 locandam
593 1459 776 1512 crearentur.
796 1454 836 1514 de
849 1455 979 1530 pecunia
989 1451 1085 1520 linitur,
1097 1461 1125 1506 ne
1157 1449 1159 1514 ζ

170 1533 267 1596 maior
281 1548 376 1594 causa
389 1533 530 1595 ludorum
546 1543 792 1611 consumeretur,
811 1553 905 1613 quam
920 1542 1030 1613 quante
1041 1530 1125 1593 uuum

172 1615 319 1678 Nobiliori
344 1621 418 1691 post
437 1617 609 1678 Aetolicum
633 1619 746 1679 bellum
772 1620 865 1682 ludus
890 1620 1008 1681 lacienti
1027 1618 1125 1677 decreta
1157 1633 1159 1694 q

170 1707 270 1769 sescla
285 1713 364 1760 neve
373 1698 446 1776 quid
459 1701 499 1761 ad
511 1717 566 1763 eos
578 1702 668 1763 ludos
680 1713 854 1766 arcesseret
865 1710 989 1779 cogeret
998 1699 1126 1775 acciperet
1157 1695 1159 1760 t

170 1783 285 1844 laceret
306 1784 457 1846 adversus
479 1785 510 1844 id
525 1793 650 1847 senatus
666 1789 853 1865 consultum,
878 1788 961 1864 quod
973 1787 1006 1848 L.
1019 1780 1125 1844 Aemilio

170 1867 222 1927 Cn.
238 1866 353 1928 Baebio
369 1867 550 1930 consulibus
568 1868 703 1931 deludis
718 1871 831 1932 lactum
847 1880 941 1934 esset.
974 1870 1126 1930 decreverat
1157 1867 1159 1886 ³

170 1951 201 2011 id
223 1958 349 2012 senalus
375 1960 501 2029 propter
522 1953 640 2014 effusos
664 1959 803 2030 sumptus
832 1957 931 2017 laotos
951 1954 981 2013 in
1002 1947 1125 2013 ludosli.
1158 1951 1160 1996 t

172 2033 346 2110 Sempronii
367 2035 492 2110 aedilis,
510 2038 562 2111 qui
576 2052 687 2111 graves
702 2052 764 2098 non
779 2039 873 2100 modo
887 2037 992 2101 ltaliae
1005 2051 1040 2096 ac
1052 2028 1126 2094 sociis
1158 2033 1160 2086 i

168 2116 265 2176 Latini
280 2116 420 2188 nominis,
437 2119 596 2179 sedetiam
611 2120 777 2194 provinciis
793 2122 929 2182 externis
948 2123 1069 2182 fumant
1158 2123 1160 2196 l

252 2199 341 2257 XLV.
362 2195 466 2259 Hiems
487 2215 525 2261 eo
546 2217 626 2262 anno
647 2203 717 2263 nive
736 2220 832 2265 saeva
845 2213 878 2268 et
892 2203 976 2268 omni
988 2205 1127 2276 tempestu-
1159 2257 1160 2268 ,

170 2289 231 2340 tum
245 2296 359 2356 genere
374 2281 443 2343 lule
464 2284 606 2359 arbores,
629 2302 709 2362 quae
725 2289 879 2349 obnoxiae
893 2287 1051 2365 rigoribus
1065 2285 1127 2352 sunt,
1158 2289 1160 2360 l

169 2363 331 2424 deusserat
344 2372 488 2437 cunctas;
509 2375 539 2429 et
553 2385 590 2428 ea
600 2376 661 2429 tum
675 2370 829 2446 aliquanto
842 2389 936 2448 quam
947 2373 1020 2433 alias
1031 2365 1128 2440 longior

170 2446 233 2506 luit.
255 2446 359 2523 itaque
370 2448 494 2512 Latinas
509 2469 581 2512 mox
596 2452 697 2514 subito
710 2462 815 2515 coortu
827 2463 857 2516 et
869 2453 1061 2518 intolerabilis
1070 2457 1127 2510 tem·

169 2537 274 2603 pestus
289 2530 319 2590 in
334 2539 437 2593 monte
452 2533 599 2605 turbavit;
622 2537 871 2613 instaurataeque
886 2548 959 2600 sunt
972 2554 1010 2598 ex
1024 2535 1127 2596 decreto
1159 2555 1160 2572 ι

169 2614 356 2687 pontificum.
401 2618 508 2679 eadem
539 2626 706 2694 tempestas
739 2623 824 2681 etin
854 2622 1004 2700 Capitolio
1033 2615 1128 2690 aliquot

168 2697 256 2772 signa
270 2701 444 2772 constravit,
460 2702 699 2780 fulminibusque
711 2706 870 2779 complura
880 2709 951 2768 loca
960 2693 1128 2766 deformavit,

167 2781 276 2840 aedem
289 2782 372 2842 Iovis
382 2783 573 2860 Tarracinae,
589 2788 696 2847 aedem
708 2788 818 2848 Albam
830 2788 954 2865 Capuae
969 2791 1128 2864 portamque

167 2863 352 2932 Romanam
367 2867 444 2926 muri
458 2868 570 2941 pinnae
581 2870 697 2944 aliquot
708 2869 785 2930 locis
797 2871 951 2934 decussae
962 2875 1053 2933 erant.
1067 2864 1128 2923 haec

167 2945 244 3003 inter
259 2945 399 3020 prodigia
414 2949 582 3012 nuntiatum
596 2960 627 3012 et
641 2953 680 3012 ab
693 2954 790 3013 Reate
803 2951 953 3030 tripedem
968 2960 1065 3014 natum
1076 2959 1128 3005 mu·

167 3027 240 3085 lum.
270 3028 310 3088 ob
331 3043 369 3089 ca
389 3030 554 3095 decemviri
575 3035 652 3096 iussi
667 3035 752 3096 adire
766 3036 863 3099 libros
877 3039 1015 3110 edidere,
1036 3029 1129 3109 quibus

168 3106 227 3168 diis
243 3117 274 3170 et
288 3118 365 3186 quot
378 3113 486 3178 bostiis
502 3118 736 3193 sacrificaretur,
753 3126 784 3179 et
797 3121 974 3182 fulminibus
989 3115 1129 3190 complura

167 3193 235 3251 loca
255 3193 425 3258 deformata
442 3197 475 3239 **
493 3201 602 3261 aedem
616 3201 698 3262 lovis
713 3210 747 3263 ut
760 3204 944 3279 supplicatio
960 3204 1038 3264 diem
1051 3205 1129 3258 unum

159 3282 259 3335 esset.
282 3277 346 3339 ludi
361 3280 472 3343 deinde
488 3284 582 3345 votivi
594 3282 627 3356 Q.
638 3283 735 3344 Fulvii
747 3287 883 3349 consulis
895 3304 952 3364 per
964 3287 1028 3346 dies
1040 3281 1129 3341 decem

167 3372 277 3432 magno
294 3370 443 3436 apparatu
458 3365 539 3425 lacti.

253 3441 426 3506 censorum·
445 3447 517 3508 inde
539 3447 661 3510 comitia
680 3450 796 3512 babitaa
826 3453 920 3514 creati
939 3452 979 3512 Μ.
998 3442 1129 3511 Aemilius
