2368 3858
247 221 809 296 LIBFJtllLv.cAP.1e.[cc.1ea]
953 219 1017 286 205

49 387 125 434 aueo
140 371 388 448 Cleopatraeque,
404 370 516 446 siquid
531 386 630 446 perse
639 371 713 432 boni
724 371 939 447 commodique
946 388 1017 433 eve-

51 455 141 530 nisset,
151 455 185 514 id
195 469 383 530 magnopere
394 453 657 528 senatumlaetari,
670 455 873 530 daturumque
879 470 1017 531 operam,

51 539 166 612 utregni
185 538 234 598 sui
256 539 421 598 maximum
438 552 563 613 semper
582 537 770 614 praesidium
790 538 925 613 positum
946 553 1018 600 esse

47 621 140 681 infide
154 622 261 698 populi
274 620 406 682 Romani
426 622 549 682 ducant
584 636 712 682 munera
731 621 839 696 legatis
859 628 953 682 ulex
972 621 1017 680 in·

47 705 140 765 stituto
159 705 307 765 mittenda
328 711 463 778 curaret,
485 705 515 766 c.
536 704 656 780 Papirio
677 705 812 780 praetori
831 704 1016 766 mandatum.

45 787 150 848 litterae
169 787 284 848 deinde
302 803 320 848 e
340 788 521 849 Macedonia
535 788 669 864 adlatae,
681 804 771 864 quae
790 788 936 850 victoriae
956 788 1017 848 lae-

45 872 126 932 titiam
144 873 350 947 geminarent=
371 870 486 932 Persea
506 885 610 946 regem
630 872 661 931 in
679 877 864 949 potestatem
880 870 1017 932 consulis

44 970 167 1015 ventsse.

1 1081 2 1095 2
119 1038 263 1098 Dimissis
289 1037 398 1112 legatis
419 1038 622 1113 disceptatum
646 1037 725 1096 inter
743 1037 874 1100 Pisanos
896 1037 1018 1098 Lunen-

1 1135 2 1176 ι
45 1136 148 1196 sesque
168 1123 307 1196 legatos,
329 1121 450 1181 Pisanis
475 1119 674 1195 querentibus
699 1135 773 1194 agro
800 1137 836 1182 se
859 1122 1018 1182 aculonis

1 1205 2 1294 l
43 1203 178 1265 Romanis
208 1205 292 1280 pelli,
318 1203 514 1264 Lunensibus
540 1202 774 1264 adfirmantibus
802 1218 872 1264 eum
893 1203 934 1263 de
954 1219 1016 1278 quo

45 1295 141 1382 agatur
154 1289 195 1347 ab
212 1286 377 1348 triumviris
392 1303 498 1362 egum
512 1287 571 1348 sibi
583 1284 775 1360 adsignatum
788 1301 871 1348 esee.
893 1293 1018 1346 senatus

1 1419 2 1452 ,
45 1371 88 1444 qui
110 1371 150 1430 de
175 1369 291 1435 linibus
312 1377 536 1445 cognoscerent
552 1375 780 1444 statuerantque
797 1369 1017 1444 quinqueviros

1 1456 2 1534 l
45 1453 128 1528 misit,
150 1454 186 1528 Q.
206 1452 335 1513 Fabium
354 1452 575 1514 ButeonemP.
602 1451 772 1512 Cornelium
789 1453 1016 1514 Blasionem'l.

1 1575 2 1612 3
46 1535 255 1612 Sempronium
274 1535 412 1598 Muscam
432 1536 465 1596 L.
480 1535 625 1596 Naevium
640 1536 816 1597 Balbumc.
830 1537 1018 1612 Appuleium

46 1619 242 1681 Saturninum.

57 1776 59 1786 Α
116 1705 154 1765 ltt
169 1705 211 1764 ab
224 1705 360 1764 Eumene
382 1709 413 1763 et
427 1703 466 1762 ab
480 1704 581 1764 Attalo
603 1709 633 1763 et
646 1704 686 1763 ab
700 1702 860 1764 Athenaeo
876 1700 1017 1761 iratribus
1135 1735 1143 1746 ·

46 1788 208 1849 eommunis
220 1787 332 1862 legatio
347 1787 387 1846 de
402 1786 529 1847 victoria
542 1787 723 1862 gratulatum
736 1786 827 1846 venit.
855 1791 884 1844 et
897 1783 1018 1858 Masga-

47 1869 95 1929 bae
107 1871 381 1946 regisMasinissae
396 1870 469 1944 lilio,
483 1869 617 1931 Puteolis
632 1883 711 1928 nave
728 1883 872 1944 egresso,
892 1873 1017 1942 praesto

44 1952 92 2012 luit
103 1955 228 2015 obviam
243 1952 357 2016 missus
372 1969 442 2014 cum
453 1953 584 2028 pecunia
597 1952 631 2011 L.
645 1951 776 2011 Manlius
792 1957 946 2026 quaestor,
968 1948 1019 2024 qui

46 2036 160 2098 Romam
175 2053 246 2097 eum
260 2039 383 2112 publico
398 2042 524 2112 sumptu
545 2035 735 2112 perduceret
771 2031 945 2094 advenienti
965 2048 1019 2093 ex·

49 2123 148 2194 templo
165 2128 294 2181 senatus
309 2122 398 2181 datus
413 2127 470 2181 est.
505 2119 548 2179 ibi
569 2119 754 2179 adolescens
769 2117 810 2178 ite
823 2119 945 2179 loeutus
960 2122 1017 2188 est,

47 2210 75 2262 ut
86 2220 164 2278 quae
178 2203 274 2265 rebus
285 2211 371 2280 grata
386 2211 481 2277 erant,
501 2201 636 2278 gratima
650 2202 755 2262 verbis
776 2203 899 2264 laceret.
936 2217 1018 2263 com-

47 2288 231 2360 memoravit,
262 2294 338 2363 quot
363 2287 482 2363 pedites
502 2287 700 2362 equitesque,
730 2292 805 2362 quot
828 2285 1019 2361 elephantos,
1047 2357 1053 2367 ι

48 2377 185 2443 quantum
199 2371 339 2431 frumenti
353 2386 391 2432 eo
413 2371 615 2447 quadriennio
637 2377 725 2444 pater
739 2384 816 2430 suus
831 2370 861 2428 in
874 2369 1019 2428 Macedo-

47 2451 117 2513 niam
129 2454 283 2516 misissett
303 2455 360 2516 sed
376 2455 454 2515 duas
468 2469 520 2514 res
534 2455 564 2514 ei
577 2453 682 2514 rubori
693 2453 803 2525 luisse,
819 2465 920 2524 unam,
936 2449 1020 2525 quod

48 2545 182 2612 rogasset
202 2553 272 2598 eum
290 2553 350 2614 per
368 2539 487 2613 legatos
507 2543 633 2598 senatus
655 2535 788 2610 quaead
806 2533 919 2593 bellum
940 2548 1020 2607 opus

49 2629 150 2695 essent,
168 2627 200 2681 et
212 2637 274 2682 non
288 2622 480 2697 imperasset,
494 2622 628 2692 alteram,
643 2618 729 2694 quod
743 2617 904 2692 pecuniam
920 2616 949 2675 ei
964 2630 1020 2688 pro

49 2702 190 2766 innuente
205 2702 349 2765 misisset
384 2704 580 2766 Masinissam
600 2701 777 2762 meminisse
790 2714 918 2773 regnum
932 2714 951 2756 a
965 2713 1020 2773 po·

49 2789 109 2859 pulo
124 2791 266 2850 Romano
280 2795 400 2863 partum
415 2794 600 2862 auctumque
614 2793 645 2846 et
658 2781 887 2858 multiplicatum
897 2781 1021 2855 babere,

49 2884 99 2930 usu
116 2872 204 2948 regui
229 2877 404 2934 contentum
426 2872 506 2932 scire
532 2868 698 2931 dominium
720 2867 819 2927 etius
840 2882 947 2927 eorum
969 2865 1020 2942 qui

50 2951 179 3016 dederint
190 2971 271 3015 esse.
307 2971 429 3016 sumere
443 2955 546 3030 itaque
561 2953 697 3022 eosdem,
716 2967 778 3013 non
793 2966 829 3010 se
846 2965 956 3026 rogare
970 2965 1021 3010 ae-

51 3051 133 3110 quum
148 3053 230 3113 esse,
253 3053 356 3113 neque
376 3053 479 3099 emere
495 3053 533 3096 ea
547 3053 587 3097 ex
601 3035 749 3097 fructibus
765 3034 829 3111 agri
843 3035 881 3095 ab
897 3034 1020 3104 sedati,

51 3135 120 3194 quae
131 3123 174 3182 tbt
184 3122 376 3197 proveniant
398 3121 430 3181 ιιι
440 3120 624 3181 Masinissae
635 3119 711 3180 satis
723 3135 795 3180 esse
807 3125 838 3179 et
848 3120 923 3192 lore
937 3115 1021 3192 quod

51 3207 155 3279 populo
180 3207 321 3266 Romano
347 3209 536 3281 superesset
570 3219 639 3263 eum
659 3201 698 3264 iis
719 3201 869 3262 mandatis
896 3205 1022 3274 epatre

51 3290 211 3358 proiectum
227 3295 338 3364 postea
356 3293 540 3350 consecutos
555 3287 691 3362 equites,
713 3286 766 3361 qui
788 3284 938 3344 devictam
957 3280 1021 3338 Ma-

51 3371 201 3433 cedoniam
221 3373 410 3446 nuntiarent,
431 3371 676 3446 gratulatumque
689 3367 810 3428 senatui
824 3359 985 3425 iuberent
977 3378 1021 3420 tn·

51 3450 144 3516 dicare
158 3463 262 3517 tautae
277 3471 344 3515 eam
358 3471 422 3516 rem
438 3449 566 3514 laetitiae
580 3451 659 3528 patri
673 3467 731 3512 suo
746 3463 827 3522 esse,
848 3453 883 3507 ut
893 3446 1022 3506 Romam
