2364 3862
235 217 351 276 LIBER
365 216 469 277 XLIV.
490 218 620 282 clipeo.
642 227 678 293 [a.
690 227 723 279 C.
737 227 798 294 168]
943 222 1005 284 253

41 386 143 430 nuum
158 369 307 430 sustineat
320 375 352 429 et
363 369 492 430 humore
504 370 709 432 circumfusae
721 373 844 446 paludis
859 373 933 434 nihil
946 375 1010 434 lae-

43 455 122 514 datur.
151 469 239 513 muro
260 453 346 512 urbis
369 453 531 514 coniuncte
555 455 664 529 procul
684 455 820 516 videtum
844 457 944 516 divisa
963 465 1011 517 est

42 536 210 596 intcnnurnli
222 535 302 596 amni
315 537 461 596 etcadem
473 544 566 612 ponte
577 538 690 612 iuncta,
702 546 736 600 ut
746 555 804 600 nec
812 546 1011 614 oppugnante

41 627 150 680 externo
167 618 283 679 aditum
298 619 337 678 ab
351 621 414 679 ulla
428 627 515 694 parte
529 620 650 695 habeat,
674 637 732 682 nec
748 621 775 682 si
791 639 882 698 quem
898 623 939 683 ibi
953 638 1010 681 rex

1 767 2 770 Ἴ
38 703 174 776 includat,
193 704 288 762 ullum
309 703 369 763 nisi
389 719 445 778 per
466 703 628 764 facillimae
643 704 803 766 custodiae
826 712 951 782 pontem
966 706 1009 764 el·

1 785 2 854 ξ
38 786 148 860 logium.
182 794 213 846 ct
226 801 303 862 gara
316 786 401 860 regia
415 787 445 847 in
458 802 496 848 eo
508 789 577 847 loco
590 794 670 848 erut:
687 790 818 850 sedtum
830 789 904 850 nihil
917 804 1008 863 prac-

38 876 72 928 ter
87 869 226 930 trecente
242 870 368 943 talenta,
391 885 471 945 quae
489 871 586 931 missa
603 871 711 932 Gentio
727 873 808 948 regi,
832 872 943 933 deinde
960 885 1009 930 re-

39 959 107 1014 tente
126 955 263 1026 luerent,
288 951 444 1014 inventum
465 959 521 1013 cst.
559 969 616 1029 per
642 973 722 1036 quos
744 956 811 1018 dies
835 957 876 1016 ed
895 955 1010 1014 Pellam

38 1037 134 1098 stativa
150 1037 288 1108 fuerunt,
310 1036 481 1112 legationes
496 1039 689 1113 trequentes,
707 1055 786 1114 quae
801 1039 841 1099 ad
855 1039 1010 1114 gratulan-

36 1119 95 1180 dum
120 1128 343 1194 convenerant,
368 1121 500 1181 maxime
525 1136 566 1180 ex
588 1122 763 1197 Thessalia,
785 1122 907 1182 auditae
928 1126 1008 1181 sunt.

36 1203 127 1263 nuntio
152 1203 266 1263 deinde
290 1210 420 1278 accepto
441 1202 555 1264 Persea
581 1203 812 1266 Samothracam
840 1203 1008 1288 traiecisse,

35 1288 184 1359 proiectus
198 1303 217 1346 a
233 1287 318 1348 Pella
332 1288 440 1348 consul
458 1288 574 1362 quartis
588 1289 699 1350 castris
709 1289 920 1365 Amphipolim
939 1301 1007 1361 per·

36 1368 118 1430 venit
152 1370 254 1433 effusa
266 1371 364 1432 omnis
380 1372 502 1432 obviam
518 1372 608 1432 turba
622 1372 720 1433 cuivis
735 1373 848 1434 indicio
864 1377 931 1432 erat
944 1386 1005 1432 non

36 1451 103 1513 bono
118 1469 156 1514 ac
170 1455 252 1515 iusto
266 1469 340 1530 rege
356 1455 432 1517 orba
444 1453 489 1512 **.

418 1675 619 1686 nen—*unu-

351 1883 492 1974 llll
536 1883 675 1975 llvl

303 2047 359 2136 AB
380 2047 498 2110 URBE
522 2047 727 2112 CONDITA

402 2177 514 2241 LIBER
534 2179 620 2240 XLV.

47 2440 190 2492 ΕΡΙΤΟΜΕ.
217 2441 326 2492 Perseus
349 2443 381 2494 ab
400 2443 509 2492 Aemilio
526 2443 606 2494 Paulo
625 2443 652 2492 in
670 2440 835 2492 Samothrace
850 2449 940 2506 ceptus
957 2451 1003 2493 est.

76 2524 129 2559 cum
141 2511 286 2562 Antiochus
305 2509 396 2578 Syriae
413 2527 461 2562 rex
479 2512 652 2564 Ptolemaeum
671 2518 696 2561 et
714 2509 874 2574 Cleopatram
893 2510 1006 2576 Aegypti

75 2593 146 2644 reges
167 2579 304 2642 obsideret,
321 2588 346 2630 et
363 2581 449 2630 missis
467 2583 501 2632 ad
517 2597 575 2632 eum
590 2585 705 2632 asenath
715 2578 816 2644 legatis,
838 2578 1007 2640 qniiuberent

74 2648 102 2698 ab
112 2648 248 2699 obsidione
258 2649 324 2700 socii
333 2651 403 2716 regis
424 2651 556 2711 absistere,
577 2651 703 2710 editisque
723 2646 849 2698 mandatis
860 2646 1006 2698 considera-

73 2722 156 2766 turum
167 2732 195 2766 se
208 2718 272 2780 qaid
283 2717 429 2768 iaciendum
443 2726 511 2770 ess'et
518 2719 702 2784 respondisset,
722 2729 789 2764 unus
804 2729 837 2764 ex
853 2713 946 2781 legetis
957 2717 1006 2766 Po·
1055 2718 1058 2723 ’

0 2810 1 2835 i
75 2783 162 2848 pillius
178 2787 253 2852 virga
269 2801 358 2852 regem
376 2789 587 2853 circumscripsit,
604 2785 739 2848 iussitque,
759 2791 894 2846 antequam
908 2783 1005 2834 circulo

0 2914 1 2917 Ἴ
75 2853 213 2912 excederet,
222 2869 374 2918 responsum
388 2857 469 2906 daret.
500 2873 550 2920 qua
559 2857 695 2922 asperitate
707 2853 800 2916 effecit,
816 2860 845 2902 nt
863 2852 1005 2904 Antiochus

0 2918 1 2939 ³
74 2921 166 2972 bellum
183 2925 318 2973 omitteret.
354 2923 495 2991 legationes
511 2925 693 2992 gratulantium
707 2921 861 2989 populorum
878 2929 953 2986 atquc
966 2939 1005 2974 re·

0 3008 1 3029 i
74 3005 132 3054 gum
145 2992 172 3040 in
185 3000 302 3042 senatum
314 2992 451 3054 admissae,
463 2993 630 3054 Rhodiorum,
650 2993 711 3055 quia
725 3007 755 3042 eo
768 2990 836 3046 bello
855 3001 943 3042 contra
957 3007 1004 3057 po-

72 3059 158 3121 pulum
170 3061 314 3112 Rornawm
332 3061 440 3126 inerant,
459 3063 573 3114 exclusa.
605 3069 708 3126 postero
718 3063 760 3112 die
771 3077 830 3112 cum
841 3061 873 3110 de
884 3077 914 3112 eo
927 3077 1004 3125 quae·

74 3136 176 3193 seretur,
187 3137 216 3180 ut
228 3131 261 3180 iis
274 3129 371 3180 bellum
382 3131 544 3196 indiceretur,
562 3145 666 3180 causam
684 3132 711 3180 in
722 3139 810 3180 senatu
827 3131 926 3194 patriae
943 3145 1004 3180 suae

75 3193 270 3263 legatiegerunt.
284 3206 466 3263 nectamquam
476 3201 728 3264 sociinectamquam
734 3198 820 3249 hostes
829 3197 937 3248 dimissi.
950 3199 1003 3246 hla-

74 3265 177 3316 cedonie
188 3268 215 3316 iu
226 3269 374 3333 provinciae
382 3269 489 3318 formam
499 3269 602 3318 redacta
623 3276 669 3319 est.
695 3267 820 3318 Aemilius
832 3267 936 3330 Paulus,
962 3279 1003 3313 re-

74 3336 241 3398 pugnantibus
252 3336 378 3387 militibus
388 3338 470 3402 ipsius
475 3345 579 3402 propter
591 3338 714 3386 minorem
722 3336 852 3401 praedam,
867 3341 891 3383 ct
904 3338 1003 3380 contra

75 3399 169 3454 dicente
187 3404 242 3456 Ser.
263 3404 380 3471 Sulpicio
401 3404 480 3457 Galba
491 3407 672 3472 triumphavit,
690 3413 716 3454 et
732 3405 825 3454 Persen
843 3417 901 3452 cum
921 3399 1002 3450 tribus

74 3467 132 3520 dliis
154 3473 226 3524 duxit
248 3483 306 3525 aute
325 3489 437 3528 currum.
468 3475 542 3526 cuius
562 3474 687 3538 triumphi
706 3473 802 3522 laetitia
819 3485 851 3518 ne
871 3465 954 3518 solida
977 3467 1001 3518 ei
