2328 3870
145 211 187 276 80
321 207 436 269 LIBER
450 207 510 268 XL.
535 206 618 267 CAP-
630 213 674 267 31.
686 213 730 267 32.
753 207 788 284 [a.
802 212 837 264 U.
850 229 874 264 c.
887 207 948 284 571]

143 365 224 426 liluls
246 360 480 440 provincialium
501 360 682 421 auxiliorum
706 362 864 421 circumire
885 365 1021 422 montem
1032 362 1124 437 iubet,

143 449 196 525 qui
211 448 249 508 ab
264 454 350 522 tergo
365 446 507 507 hostibus
523 451 603 515 eram
627 443 713 519 inde,
729 445 781 505 ubi
797 445 961 505 clamorem
975 445 1125 513 audisset

143 534 307 593 decurrere
328 531 368 590 ad
389 535 489 590 castra
507 543 623 589 eorum.
653 535 743 590 nocte
759 528 888 604 proiecti
903 535 981 600 sunt
998 544 1037 589 ne
1052 545 1126 605 pos·

141 623 211 678 sent
232 613 381 690 conspici.
408 613 537 673 Flaccus
552 613 622 672 luce
635 611 734 689 primo
749 612 779 672 c.
795 611 987 673 Scribonium
1004 615 1126 688 praele-

141 708 223 762 ctum
238 698 355 760 socium
370 697 410 756 ad
423 697 538 756 vallum
552 696 686 757 hostium
702 711 771 756 cum
786 694 939 772 equitibus
955 697 1128 758 extraordi-

125 783 235 850 nariis
256 781 398 843 sinistrae
419 781 486 840 alac
501 780 603 851 mittit;
627 795 706 857 quos
721 779 773 840 ubi
788 786 818 839 et
832 778 960 855 propius
975 781 1127 841 accedere

140 875 171 928 et
184 869 290 942 plures
306 880 398 942 quarn
413 863 495 925 soliti
509 871 596 925 erant
610 863 750 925 celtiberi
766 871 1008 939 conspexerunt,
1023 864 1128 925 omnis

139 950 295 1026 equitatus
310 947 476 1010 effunditur
491 949 615 1021 castris,
631 948 721 1008 simul
736 955 768 1009 et
782 947 934 1022 peditibus
949 947 1069 1024 signum
1087 949 1130 1009 ad

140 1034 317 1095 exeundum
338 1035 437 1094 datur.
466 1031 663 1105 Scribonius,
687 1031 730 1092 uti
752 1038 950 1108 praeceptum
971 1037 1052 1106 erat,
1072 1031 1130 1094 ubi

139 1120 271 1194 primum
283 1115 434 1179 tremitum
447 1123 621 1192 equestrem
629 1115 752 1191 audivit,
761 1116 869 1177 avertit
879 1131 976 1191 equos
987 1123 1018 1176 et
1025 1124 1131 1178 castra

138 1202 259 1278 repetit.
289 1218 327 1263 eo
343 1200 473 1262 etl’usius
489 1197 578 1277 sequi
592 1199 708 1260 hostes.
736 1200 833 1275 primo
850 1201 985 1276 equites,
1006 1216 1084 1261 mox
1101 1209 1131 1261 et

140 1286 276 1361 peditum
298 1286 381 1346 acies
404 1285 523 1356 aderat,
544 1283 628 1345 haud
649 1283 742 1344 dubia
761 1300 818 1360 spe
839 1291 940 1345 castra
960 1299 997 1344 eo
1019 1285 1071 1344 die
1097 1300 1132 1346 se

141 1376 385 1445 oppugnaturos.
420 1369 603 1443 quingentos
625 1383 754 1443 passus,
775 1383 836 1429 non
858 1370 928 1444 plus
943 1369 1058 1429 avallo
1075 1368 1132 1428 ab·

140 1460 235 1513 erant.
258 1453 361 1528 itaque
374 1451 504 1512 Flaccus
520 1451 571 1511 ubi
586 1452 662 1511 satis
677 1451 848 1513 abstractos
864 1467 919 1514 eos
935 1469 954 1510 a
968 1450 1133 1526 praesidio

139 1542 310 1596 castrorum
322 1550 448 1596 suorum
458 1541 543 1594 ratus
555 1535 698 1608 estintra
707 1537 820 1596 uallum
833 1535 969 1596 exercitu
977 1535 1133 1596 instructo

139 1618 237 1679 tribus
254 1618 392 1695 partibus
407 1619 498 1679 simul
513 1619 652 1694 erumpit,
669 1620 801 1680 elamore
815 1635 877 1680 non
892 1626 1007 1680 tantum
1022 1619 1063 1679 ad
1082 1635 1134 1680 ar·

139 1704 246 1764 dorem
265 1719 388 1780 pugnae
408 1702 604 1764 excitandum
626 1701 761 1778 sublato,
787 1703 845 1763 sed
865 1701 954 1764 etiam
972 1710 1006 1764 ut
1027 1704 1135 1778 quiin

140 1787 296 1848 montibus
317 1795 403 1848 erant
423 1786 612 1848 exaudirent.
646 1801 705 1847 nec
719 1787 826 1847 morati
841 1795 913 1848 sunt
926 1788 999 1862 quin
1017 1787 1135 1848 decur-

141 1878 256 1948 rerent,
273 1871 353 1932 sicut
367 1871 549 1946 imperatum
564 1877 638 1943 erat,
654 1870 694 1930 ad
709 1876 828 1939 castra3
851 1871 904 1930 ubi
920 1871 1057 1946 quinque
1074 1871 1137 1930 mi·

141 1955 213 2014 lium
228 1963 427 2028 armatorum,
450 1971 511 2015 non
526 1954 673 2030 amplius,
694 1954 832 2015 relictum
848 1961 914 2014 erat
927 1953 1137 2030 praesidium.

130 2041 222 2112 ‘quos
244 2054 313 2100 cum
329 2045 359 2097 et
375 2039 514 2114 paucitas
530 2055 588 2097 sua
602 2045 632 2098 et
645 2037 804 2098 multitudo
819 2036 954 2099 hostium
968 2045 998 2099 et
1012 2038 1139 2114 impro-

141 2119 208 2180 visa
222 2136 273 2180 res
287 2121 457 2196 terruisset,
472 2135 571 2195 prope
586 2121 656 2216 sing
667 2121 831 2182 certamine
843 2121 1003 2197 capiuntur
1015 2129 1139 2184 eastra.

142 2202 251 2263 castris
275 2219 355 2279 quae
375 2219 448 2279 pars
469 2204 602 2264 maxime
622 2205 828 2280 pugnantibus
843 2206 983 2282 conspici
996 2213 1140 2281 poterat,

141 2285 244 2346 iniecit
257 2285 375 2347 Acilius
395 2287 505 2361 ignem.
536 2285 656 2346 XXXll.
678 2290 826 2363 postremi
842 2291 1063 2352 celtiberorum
1082 2291 1142 2368 qui

140 2369 171 2427 in
197 2369 264 2429 acie
287 2378 388 2444 erant,
418 2368 508 2446 primi
531 2369 683 2440 flammam
705 2388 912 2449 conspexere,
939 2375 1053 2436 deinde
1079 2391 1144 2452 per

139 2459 234 2514 totam
255 2452 351 2513 aciem
372 2455 528 2529 vulgatum
544 2461 590 2514 est
605 2462 705 2515 castra
719 2456 834 2518 amissa
849 2473 921 2519 csse
935 2465 1045 2520 ettam
1062 2476 1144 2521 cum

140 2537 273 2598 maxime
294 2537 412 2598 ardere.
441 2537 524 2598 unde
544 2537 604 2598 illis
619 2545 732 2613 terror,
754 2540 826 2601 inde
840 2543 988 2603 Romanis
1007 2543 1144 2605 animus

138 2620 246 2682 erevit.
270 2621 330 2681 iam
345 2623 460 2683 clamor
475 2637 601 2683 suorum
617 2622 801 2684 vincentium
816 2626 985 2701 accidebat,
1004 2627 1069 2687 iarn
1087 2645 1144 2690 ar·

139 2706 244 2765 dentia
258 2705 391 2766 hostium
408 2715 509 2767 castra
523 2705 722 2782 apparebant.
745 2707 885 2770 Celtiberi
901 2726 1074 2788 parumper
1089 2713 1145 2774 in·

141 2788 234 2848 certis
257 2789 365 2850 animis
385 2789 523 2850 fluctuati
544 2797 629 2851 sunt=
653 2798 786 2851 ceterum
802 2801 967 2869 postquam
981 2803 1148 2874 receptus

141 2871 239 2944 pulsis
264 2872 366 2932 nullus
389 2879 468 2945 erat,
496 2889 555 2934 nec
574 2889 706 2950 usquam
725 2873 785 2935 nisi
806 2878 835 2936 in
857 2879 1023 2940 certamine
1043 2895 1148 2958 spes,

141 2952 326 3027 pertinacius
343 2955 382 3015 de
398 2955 515 3031 integro
533 2965 702 3033 capessunt
716 2975 858 3034 pugnarn.
880 2963 948 3023 acie
960 2963 1067 3024 media
1082 2982 1148 3026 ur·

139 3035 290 3109 gebantur
300 3038 438 3098 acritera
452 3041 556 3116 quinta
571 3040 706 3116 legione:
722 3044 874 3106 adversus
886 3045 1009 3108 lacurn
1021 3063 1151 3127 cornu,

138 3118 170 3178 ln
187 3135 249 3193 quo
271 3122 318 3181 sui
337 3123 459 3198 generis
476 3126 677 3200 provincialia
691 3125 804 3189 auxilia
817 3129 1003 3192 instruxisse
1016 3133 1153 3196 Bosan—

138 3218 198 3262 nos
219 3205 399 3282 cernebant,
421 3223 489 3268 cum
504 3208 620 3268 maiore
635 3209 748 3271 fiducia
763 3211 927 3274 intulerunt
941 3215 1041 3291 signa.
1073 3217 1156 3283 iam

141 3302 239 3362 prope
264 3297 328 3349 erat
340 3297 375 3349 ut
389 3291 543 3350 sinistrum
559 3307 653 3352 cornu
669 3295 832 3369 pelleretur
846 3297 1009 3370 Romanis,
1033 3302 1067 3362 ni
1083 3319 1155 3366 se-

142 3371 235 3444 ptima
249 3371 328 3446 legio
344 3373 559 3435 successisset.
582 3375 672 3437 simul
688 3379 726 3438 ab
741 3380 858 3454 oppido
874 3381 1010 3459 Aebura,
1026 3387 1084 3462 qui
1110 3391 1158 3454 in

142 3455 295 3526 praesidio
317 3456 411 3517 relicti
433 3464 533 3532 erant,
555 3458 585 3518 in
605 3460 706 3521 medio
729 3463 838 3524 ardore
853 3481 976 3541 pugnae
992 3470 1160 3535 advene-
