2364 3862
162 223 225 288 m
329 222 447 284 LIBER
457 223 561 282 xle.
585 221 667 282 cAP.
682 230 723 284 re.
738 229 778 283 ro.
802 225 982 294 [attexat]

161 373 253 449 niam,
267 390 348 449 quos
358 373 392 433 L.
404 371 534 433 Aemilio
546 370 709 443 videretur,
721 373 843 445 legaret.
864 369 956 446 legati
966 371 1059 432 biduo
1072 378 1134 446 post

162 457 292 534 proiecti
318 458 371 518 Cn.
396 455 547 517 Domitius
571 455 797 516 Ahenobarbus
821 459 860 515 A.
884 452 1021 514 Licinius
1044 454 1133 514 Nerva

161 543 194 602 L.
209 541 355 602 Baebius.

246 625 299 684 Bis
314 625 344 684 in
360 623 445 684 exitu
460 621 531 682 anni
545 621 612 682 eius
632 619 799 696 lapidatum
819 636 891 681 esse
905 621 1072 681 nuntiatum
1086 628 1134 695 est,

161 708 192 767 in
205 709 345 768 Romano
361 723 446 782 agro,
462 706 552 766 simul
566 705 597 764 in
611 702 743 764 Veienti.
754 703 804 766 bis
815 703 1009 764 novemdiale
1023 720 1133 764 sacrum

162 793 274 852 lactum
288 798 345 850 est
367 789 548 851 sacerdotes
562 805 600 849 eo
614 804 695 850 anno
710 787 820 849 mortui
834 794 906 848 sunt
917 788 950 846 P.
967 787 1134 862 Quinctilius

161 875 264 934 Varus
280 872 393 933 llamen
407 872 555 934 Martialis
576 879 607 933 et
627 872 667 931 Μ.
687 871 830 932 Claudius
845 871 1009 931 Marcellus
1024 872 1133 930 decem-

162 955 226 1027 vir,
241 959 272 1018 in
287 957 376 1016 cuius
390 959 493 1017 locum
508 957 560 1016 Cn.
577 955 720 1017 Octavius
735 955 894 1028 suffectus.
916 963 946 1016 et
959 955 1018 1014 iam
1031 953 1134 1028 magni

161 1041 284 1102 licentia
297 1047 456 1101 crescente
470 1046 605 1100 notatum
621 1047 668 1102 est
680 1038 761 1099 ludis
768 1039 959 1099 circensibus
965 1037 998 1096 P.
1014 1036 1133 1110 Cornelii

163 1123 317 1201 Scipionis
323 1124 454 1186 Nasicae
467 1131 498 1184 et
509 1122 541 1181 P.
549 1121 668 1202 Lentuli
679 1122 821 1182 aedilium
829 1122 978 1182 curulium
985 1121 1133 1195 sexaginta

161 1216 225 1269 tres
238 1207 402 1268 Africanas
417 1215 447 1269 et
462 1206 663 1282 quadraginta
673 1221 765 1266 ursos
780 1212 810 1266 et
824 1205 1004 1280 elephantos
1020 1205 1132 1266 lusisse.

245 1291 323 1352 xllt
345 1292 378 1351 L.
393 1289 524 1350 Aemilio
540 1289 634 1350 Paulo
650 1289 682 1349 C.
696 1288 812 1350 Licinio
829 1288 1021 1362 consulibus
1043 1288 1133 1348 idibus

162 1374 278 1435 Martiis
300 1372 450 1449 principio
464 1372 657 1447 insequentis
670 1371 757 1447 anni,
783 1389 853 1432 cum
869 1372 900 1431 in
915 1373 1134 1447 exspectatione

162 1466 267 1532 patres
288 1458 432 1530 luissent,
453 1457 584 1516 maxime
605 1455 750 1530 quidnam
770 1458 879 1516 consul
900 1456 939 1516 de
952 1454 1133 1526 Macedonia,

95 1560 99 1567 ·
163 1540 250 1600 cuius
266 1556 302 1600 ea
318 1538 476 1613 provincia
492 1547 584 1613 asset,
599 1540 740 1612 referret,
760 1540 834 1600 nihil
855 1555 890 1599 se
904 1538 1018 1600 habere
1032 1539 1134 1599 Paulus

164 1623 248 1698 quod
270 1624 411 1697 referret,
438 1639 505 1682 cum
526 1623 663 1684 nondum
684 1622 755 1682 inde
776 1623 867 1698 legati
880 1622 1043 1697 redissent,
1058 1621 1134 1682 dixit

164 1714 297 1768 ceterum
317 1705 475 1768 Brundisii
495 1707 614 1782 legatos
635 1706 694 1766 iam
710 1721 797 1778 esse,
822 1706 871 1766 bis
892 1722 933 1767 ex
954 1722 1048 1767 cursu
1065 1706 1135 1783 hyr·

162 1789 321 1852 rhaclrium
336 1791 478 1851 reiectos.
499 1789 630 1864 cognitis
644 1805 717 1851 mox
733 1805 813 1865 quae
828 1789 916 1850 nosci
934 1790 1020 1864 prius
1035 1791 1066 1850 in
1079 1803 1135 1848 rem

164 1883 257 1949 esset,
274 1875 454 1936 relaturum:
468 1873 500 1932 id
515 1874 582 1933 lore
596 1873 675 1934 intra
689 1888 864 1948 perpaucos
879 1873 956 1932 dies.
978 1882 1008 1934 et
1020 1871 1135 1948 nequid

163 1957 384 2032 prosectionem
409 1974 496 2018 suam
521 1963 651 2030 teneret,
676 1956 776 2032 pridie
796 1956 867 2018 idus
885 1956 1009 2030 Apriles
1030 1955 1136 2016 Latinis

163 2055 235 2100 essa
255 2040 449 2102 constitutam
471 2041 560 2099 diem.
583 2040 735 2100 sacrificio
747 2042 803 2100 rite
824 2041 960 2115 perlecto
982 2057 1018 2100 se
1039 2047 1070 2100 et
1089 2039 1135 2100 cn.

165 2122 332 2195 Octavium,
347 2122 436 2182 simul
451 2128 577 2184 senatus
593 2123 776 2198 censuisset,
790 2123 927 2185 exituros
942 2139 1024 2184 esse.
1046 2123 1077 2183 c.
1094 2123 1136 2182 Li·

165 2204 244 2265 cinio
260 2207 397 2279 collegae
412 2221 470 2265 suo
486 2206 552 2269 lore
568 2222 660 2267 curae
671 2223 707 2268 se
718 2207 854 2283 absente,
869 2214 911 2282 ut,
925 2206 953 2267 si
968 2223 1030 2281 qua
1045 2205 1136 2282 parari

163 2287 278 2349 mittive
293 2287 378 2347 adid
393 2289 504 2349 bellum
520 2306 600 2364 opus
616 2289 664 2363 sit,
687 2299 832 2366 parentur
845 2285 1076 2366 mittanturque.i
1098 2289 1137 2348 io-

164 2379 248 2440 terea
261 2372 431 2445 legationes
446 2378 618 2433 exterarum
632 2374 789 2434 nationum
806 2374 904 2436 audiri
918 2389 1025 2448 posse.
1056 2371 1137 2450 primi

163 2454 363 2514 Alexandrini
379 2455 469 2530 legati
485 2457 522 2516 ab
537 2456 712 2517 Ptolemaeo
732 2466 763 2520 et
777 2458 938 2534 Cleopatra
951 2456 1075 2533 regibus
1087 2473 1155 2516 vo·-

166 2539 223 2598 cati
239 2546 318 2599 sunt.
342 2539 501 2610 sordidati,
517 2539 612 2599 barba
623 2547 653 2600 et
664 2539 775 2616 capillo
788 2541 953 2616 promisso,
969 2557 1040 2602 cum
1051 2539 1154 2601 ramis¹

164 2623 252 2683 oleae
266 2620 398 2698 ingressi
414 2624 528 2683 curiam
542 2624 780 2699 procubuerunt,
796 2630 828 2686 et
841 2625 939 2686 oratio
955 2641 1047 2700 quam
1058 2623 1136 2684 habi·

164 2712 213 2765 tus
240 2706 294 2766 luit
318 2705 529 2767 miserabilior.
564 2707 735 2769 Antiochus
757 2707 867 2786 Syriae
880 2725 950 2782 rex,
974 2707 1027 2783 qui
1051 2708 1136 2770 obses

163 2789 279 2848 Romae
294 2791 406 2863 luerat,
430 2805 484 2864 per
504 2789 664 2850 honestam
684 2791 822 2866 speciem
843 2791 968 2853 maioris
981 2789 1137 2852 Ptolemaei

163 2871 331 2931 reducendi
346 2871 376 2931 in
391 2888 528 2948 regnum,
542 2874 656 2934 bellum
671 2890 740 2935 cum
754 2876 871 2936 minore
887 2877 980 2936 tratre
995 2875 1071 2950 eius,
1091 2871 1156 2948 qui*

164 2961 226 3014 tnm
247 2955 474 3016 Alexandream
490 2957 619 3032 tenebat,
641 2973 762 3032 gerens,
779 2966 810 3019 et
823 2959 863 3018 ad
876 2956 1032 3020 Pelusium
1046 2956 1154 3018 navali·

165 3038 282 3112 proelio
303 3040 401 3100 victor
421 3041 528 3114 luerat,
552 3048 582 3103 et
594 3041 788 3102 tumultuario
807 3057 903 3116 opere
917 3048 1013 3122 ponte
1027 3057 1083 3119 per
1094 3039 1155 3100 lli--

164 3123 225 3181 lum
252 3122 333 3184 lacto
358 3131 574 3198 transgressus
599 3140 667 3183 cum
692 3124 829 3187 exercitu
856 3125 1022 3187 obsidione
1047 3125 1153 3201 ipsam·

164 3206 390 3267 Alexandream
405 3207 551 3273 terrebat,
579 3222 636 3267 nec
652 3210 759 3282 procul
774 3210 885 3270 abesse
901 3209 974 3285 quin
991 3214 1140 3284 poteretur

165 3304 259 3362 regno
276 3290 508 3363 opulentissimo
526 3291 694 3356 videbatur.
730 3308 768 3352 ea
788 3293 878 3368 legati
897 3303 1062 3368 querentes
1078 3306 1139 3352 ora·

166 3370 237 3431 bant
252 3379 400 3444 senatum,
419 3378 454 3429 ut
474 3387 563 3445 opem
581 3389 677 3448 regno
692 3375 879 3452 regibusque
895 3376 1003 3438 amicis
1017 3373 1139 3452 imperio

166 3451 286 3513 laurent.
308 3469 347 3513 ea
357 3451 464 3513 merita
474 3457 581 3529 populi
592 3457 721 3517 Romani
733 3459 763 3518 in
777 3459 969 3533 Antiochum,
983 3476 1051 3520 eam
1064 3454 1139 3533 apud
