2368 3858
137 191 200 256 266
226 188 342 250 LIBER
354 188 445 248 XLV.
460 187 542 247 CAP.
559 193 602 247 14.
615 196 657 248 15.
674 192 710 257 [e.
724 190 756 242 U.
770 207 794 242 e.
806 192 866 246 584.
880 207 905 242 a.
921 191 953 242 C·
965 190 1027 256 168]

140 343 247 402 venire
256 339 330 400 velit
340 338 467 412 levique
479 336 594 411 optimo
605 334 780 396 maximoin
788 334 1124 409 capitoliosaerilieare

139 432 171 484 ct
182 429 286 499 grates
300 437 408 497 agere:
428 420 470 492 id,
485 419 545 480 nisi
557 419 717 479 molestum
733 418 781 491 sit,
796 425 830 477 ut
839 419 868 477 ei
881 418 1071 492 pennittatur
1082 415 1123 482 aa

139 514 250 568 senatu
264 512 377 581 petere.
402 503 483 562 XlV.
502 517 688 577 responsum
700 502 807 575 regule
823 508 871 562 est
885 502 987 560 iacere
1003 508 1125 575 patrem

139 591 207 650 eius
232 588 428 648 Masinissam
449 586 533 660 quod
548 583 648 645 vuum
672 592 790 660 gratum
814 584 992 658 bonumque
1018 584 1126 644 lacere

140 674 262 746 deceat,
283 678 318 732 ut
337 671 467 746 pretium
486 668 695 740 honoremque
715 667 818 729 debito
842 667 993 728 beneficio
1016 667 1124 728 addat
1155 710 1160 723 .

140 764 171 816 et
185 756 333 831 populum
347 755 517 815 Romanum
531 751 571 812 ab
591 766 628 810 eo
646 751 727 812 bello
747 749 861 813 Punico
883 750 954 810 lorti
974 749 1127 823 fidelique
1163 796 1164 807 ,

141 854 238 915 opera
252 838 403 910 adiutum,
424 843 455 897 et
468 836 551 897 illum
566 835 688 894 favente
705 850 833 909 regnum
848 835 964 909 populo
979 833 1126 895 Romano

141 922 301 997 adeptum
322 920 460 996 aequalis
475 920 513 980 iis
528 926 637 994 postea
649 916 736 978 trium
750 931 858 991 regum
871 916 960 976 bellis
971 916 1126 991 deinceps

141 1004 282 1066 omnibus
297 1020 366 1064 eum
388 1004 523 1064 lunatum
540 1001 660 1063 diliciis.
689 999 816 1062 victoria
834 1015 909 1060 vero
931 1000 1041 1074 populi
1061 1001 1127 1060 Rq

140 1089 223 1149 mani
236 1086 340 1149 metari
355 1102 423 1146 erun
437 1102 542 1161 regem
557 1084 665 1144 mirum
679 1101 740 1145 non
755 1098 835 1158 esse,
858 1083 910 1158 qui
926 1089 1044 1144 sortem
1059 1099 1128 1142 om·

141 1189 211 1232 nem
225 1173 363 1233 fortunae
375 1169 522 1244 regnique
533 1168 582 1228 sui
594 1183 662 1228 curn
673 1167 765 1228 rebus
777 1167 924 1228 Romanis
934 1167 1128 1229 miseruisset

141 1261 243 1330 grates
259 1254 318 1314 diis
333 1270 390 1328 pro
405 1252 511 1327 populi
523 1251 653 1313 Romani
666 1251 794 1312 vidonis
803 1250 888 1324 apud
902 1265 979 1310 suos
990 1257 1128 1324 penates

141 1345 262 1413 ugerae
277 1338 394 1397 Romae
408 1335 502 1396 lilium
517 1351 573 1411 pro
584 1349 622 1394 eo
633 1341 778 1394 acturum.
801 1335 983 1409 gratulatum
996 1349 1129 1408 quoque

142 1421 217 1480 satis
230 1436 289 1480 suo
301 1434 339 1478 ac
354 1418 449 1493 patris
463 1419 584 1478 nonina
598 1433 679 1478 esse.
700 1415 800 1491 ipsum
813 1418 1129 1492 relinquereregeum

143 1509 175 1562 et
187 1501 293 1562 Africa
312 1501 478 1575 excedere,
500 1508 713 1576 praeterquam
735 1500 820 1574 quod
840 1499 883 1560 illi
904 1499 1010 1562 inutile
1029 1509 1129 1574 esset,

142 1601 203 1646 non
224 1599 295 1644 esse
315 1599 381 1643 ere
404 1583 527 1660 publiea
548 1584 654 1659 populi
673 1583 801 1643 Romani
823 1591 967 1644 senaturn
983 1599 1129 1644 censere.

142 1667 257 1744 petenti
271 1667 438 1742 Masgabae
451 1675 486 1728 ut
498 1667 607 1728 Hanno
624 1666 804 1728 Hamilcaris
824 1667 905 1729 lilius
920 1667 1016 1728 obses
1035 1667 1068 1726 in
1084 1669 1128 1728 lo·
1164 1719 1166 1722 ,

143 1769 212 1813 cum
226 1751 259 1792 *l
272 1751 417 1827 exigeret.
453 1766 581 1812 munera
603 1765 643 1809 ex
662 1755 787 1810 sendus
803 1751 942 1811 consulto
958 1765 1065 1811 emere
1080 1766 1128 1810 re-

142 1837 214 1911 gulo
230 1843 377 1912 quaestor
391 1835 495 1895 iussus
510 1839 684 1894 excentum
700 1833 803 1908 pondo
818 1833 950 1908 argenti,
970 1839 1002 1892 et
1017 1849 1127 1908 prese

145 1921 196 1996 qui
211 1935 281 1980 eum
295 1918 449 1992 Puteolos,
470 1932 652 1991 omnemque
670 1921 840 1990 sumptum,
862 1916 966 1992 quoad
986 1916 1019 1974 in
1039 1916 1130 1976 ltalia
1158 1958 1163 1967 -

144 2010 240 2076 esset,
263 2002 426 2076 praebere,
454 2007 485 2062 et
503 2002 582 2061 duas
596 2015 691 2060 naves
708 1999 895 2073 conducere,
926 1998 1041 2075 quibus
1056 2001 1129 2074 ipse

144 2085 335 2159 comitesque
347 2083 430 2157 regis
445 2083 476 2143 in
494 2084 629 2150 Africam
649 2082 887 2152 deveherentur;
910 2090 940 2143 et
960 2083 1129 2144 comitibus

143 2167 294 2239 omnibus,
306 2165 410 2226 liberis
418 2167 589 2241 servisque,
602 2163 869 2228 vestimentadata.
891 2165 1129 2226 hauditamulto

98 2325 101 2332 ¹
144 2256 217 2324 post
240 2249 280 2308 de
300 2249 396 2308 altero
409 2247 593 2308 Masinissae
612 2248 676 2308 litio
691 2249 849 2324 Misagene
869 2250 985 2311 litterae
1003 2250 1130 2311 adlatae

144 2339 224 2404 sunt,
240 2329 368 2390 missum
382 2346 452 2392 curn
470 2330 508 2391 ab
527 2331 561 2390 L.
582 2330 676 2392 Paulo
697 2339 769 2406 post
786 2330 938 2394 devictum
957 2331 1077 2394 Persea
1096 2335 1129 2394 in

143 2416 279 2476 Africam
293 2430 363 2474 eum
378 2415 532 2490 equitibus
547 2415 622 2489 suis,
636 2415 844 2490 navigantem,
863 2417 1008 2492 dispersa
1023 2418 1130 2478 classe

142 2499 173 2559 in
187 2498 362 2560 Hadriatico
374 2499 450 2558 mari
463 2498 659 2560 andisium
673 2499 768 2559 tribus
783 2499 913 2561 navibus
928 2515 1056 2575 aeguum
1074 2501 1128 2562 de

142 2584 246 2645 latum.
274 2583 314 2642 ad
331 2597 485 2643 eumcum
501 2582 609 2643 iisdem
623 2582 809 2655 muneribus,
826 2599 906 2657 quae
920 2585 992 2644 data
1007 2584 1129 2643 Romoe

140 2667 227 2727 tratri
247 2666 314 2726 eius
335 2672 435 2738 erant,
458 2666 491 2726 L.
507 2665 667 2727 stertimus
682 2670 828 2739 quaestor
841 2667 1038 2728 Brundisium
1053 2667 1127 2728 mis-

135 2765 207 2822 esus,
224 2749 392 2824 iussusque
406 2764 521 2822 curare,
537 2756 570 2809 ut
583 2749 676 2808 aedes
691 2746 783 2822 hospi

135 2913 208 2972 JXV.
230 2914 261 2971 in
278 2920 421 2987 quattuor
439 2913 572 2974 urbanas
591 2913 687 2974 tribus
708 2913 855 2990 descripti
876 2921 964 2974 erant
983 2915 1126 2989 libertini,
1180 2921 1183 2956 t

137 3002 266 3070 praeter
280 3009 352 3070 eos,
375 2995 486 3070 quibus
505 2996 586 3056 illius
609 2997 795 3071 quinquenni
812 2997 908 3060 maior
922 3013 961 3058 ex
983 3013 1020 3058 se
1034 3006 1125 3060 natus
1180 3057 1182 3070 ,

136 3084 243 3139 esselr
266 3093 331 3149 eos,
347 3078 399 3139 ubi
414 3079 553 3153 proxime
568 3081 663 3140 lustro
684 3082 770 3140 censi
785 3088 904 3153 essent,
926 3081 1047 3142 censeri
1062 3081 1125 3141 ius·
1181 3089 1182 3102 ²

136 3168 257 3222 serunt.
293 3168 325 3222 et
338 3177 394 3223 eos
409 3162 462 3236 qui
477 3163 636 3238 praedium
651 3164 817 3238 praediave
830 3165 944 3225 rustica
959 3165 1057 3240 pluris
1072 3181 1123 3225 se-

136 3245 280 3306 stertium
295 3243 417 3320 trigirna
431 3246 544 3307 milium
556 3245 719 3319 haberent,
741 3249 888 3308 censendi
908 3247 925 3286 *
945 3247 994 3307 ius
1009 3249 1124 3308 laetum

137 3335 200 3388 est
236 3327 296 3388 hoe
311 3343 380 3388 eum
395 3328 436 3388 ita
450 3335 604 3389 servatum
625 3337 724 3403 esset,
745 3331 877 3405 negabat
897 3330 1043 3392 Claudius
1056 3331 1122 3392 sul-

139 3409 231 3482 lragii
245 3411 388 3472 lationem
403 3411 521 3472 iniussu
535 3411 641 3486 populi
656 3427 815 3472 censorem
835 3413 976 3488 cuiquam
994 3411 1120 3484 homini,
