2364 3862
157 157 222 222 184
324 157 439 218 LIBER
453 156 542 217 XLII.
565 156 648 218 aba.
664 163 708 220 63·
721 163 764 220 64.
786 161 823 228 [a.
834 160 869 214 U.
881 179 905 213 c.
918 161 981 227 581]

156 314 264 375 ruinae
277 319 381 386 strage
395 309 550 385 congestis
571 306 657 372 saxis
672 307 877 371 exstruebant.
903 323 971 368 cum
987 307 1127 382 operibus

159 395 349 472 oppugnatio
374 393 485 456 lentior
510 400 607 465 asset,
632 393 734 456 soaias
760 407 818 468 per
841 391 1014 468 manipulos
1040 392 1127 454 dividi

156 487 282 556 praetor
301 477 392 540 iussit
413 482 468 552 [ut]
491 491 606 538 corona
625 476 762 552 undique
782 475 905 538 moenia
918 476 1126 551 adgressurus,

156 580 193 625 eo
208 563 305 638 magis
321 561 517 624 suffecturam
531 560 572 621 ad
590 559 621 622 id
635 557 855 622 multitudinem
866 565 960 634 ratus,
976 559 1061 636 quod
1072 577 1128 635 qua

156 654 243 723 parte
263 648 352 722 palus
376 646 482 705 urbem
504 643 610 718 cingit,
637 659 694 707 nec
717 643 861 706 attinebat
882 643 1053 720 oppugnari
1074 659 1127 704 nec

156 738 284 806 poterat.
307 729 376 804 ipsc
390 729 429 788 ab
444 743 482 788 aa
495 735 592 803 parta,
608 744 670 802 qua
684 728 763 788 duae
780 734 878 788 turres
894 727 1041 804 quodque
1054 725 1127 788 inter

156 829 209 874 eas
228 813 304 874 muri
319 819 434 885 ruerat,
454 809 615 872 duomilia
636 811 761 876 militum
782 811 969 878 deiectorum
989 810 1127 885 admovit,

156 905 188 958 ut
211 897 320 957 eodem
340 902 494 971 tempore,
516 911 577 970 quo
599 895 668 971 ipse
689 895 907 959 transceudere
919 895 1025 956 ruinas
1041 909 1126 954 cona-

155 988 253 1054 retur,
278 994 432 1041 concursu
453 977 604 1040 adversus
632 995 668 1040 se
689 978 915 1055 oppidanorum
936 979 1015 1039 facto
1038 977 1126 1038 scalis

135 1079 253 1125 ·vacua
277 1061 491 1123 defensoribus
516 1064 637 1126 moenie
661 1063 730 1139 oapi
755 1070 842 1138 parte
856 1062 968 1138 aliqua
994 1069 1125 1138 possent

155 1149 237 1208 baud
252 1147 386 1222 segniter
400 1145 548 1222 oppidani
567 1147 627 1207 vim
649 1146 715 1208 eius
730 1161 835 1211 arcere
855 1153 972 1222 parant.
995 1161 1065 1206 uam
1080 1162 1126 1206 su·

154 1247 210 1307 per
235 1238 363 1292 stratum
384 1229 481 1291 ruinis
506 1231 607 1292 locum
633 1231 768 1292 fascibus
788 1230 883 1290 aridis
910 1237 1126 1292 sarmentorum

153 1314 272 1376 iniectis
295 1321 411 1375 stantes
433 1315 694 1377 cumardentibus
710 1314 828 1376 facibus
843 1329 1030 1376 accensuros
1046 1329 1082 1372 ea
1096 1328 1127 1372 sc

155 1413 250 1473 saepe
264 1397 473 1472 minabantur,
493 1404 527 1458 ut
547 1397 689 1460 incendio
704 1397 883 1474 intersaepti
900 1398 939 1458 ab
955 1397 1046 1459 hoste
1059 1413 1126 1472 spa·

153 1482 226 1541 tium
252 1482 292 1540 ad
317 1480 510 1542 obiciendum
530 1479 705 1543 interiorem
725 1498 843 1545 murum
860 1482 1018 1550 baberent.
1046 1481 1126 1556 quod

154 1563 308 1640 inceptum
323 1580 430 1626 eorum
446 1565 510 1624 fors
527 1563 679 1641 impediit:
701 1582 771 1626 nam
790 1573 891 1627 tantus
907 1573 1036 1640 repente
1053 1563 1127 1624 eifu-

154 1663 208 1708 sus
225 1656 272 1711 est
285 1648 397 1722 imber,
418 1655 451 1709 ut
468 1663 525 1708 nec
543 1648 669 1710 accendi
691 1647 781 1710 facile
801 1656 955 1726 pateretur
969 1657 1000 1710 et
1016 1649 1127 1710 exstin-

153 1738 260 1807 gueret
273 1735 415 1792 aocen'sa.
431 1731 534 1807 itaque
549 1739 579 1794 et
592 1733 739 1796 transitus
753 1749 810 1807 per
823 1735 971 1794 distracta
984 1731 1130 1794 fumantia

153 1816 283 1892 virgulta
299 1815 409 1892 patuit,
434 1817 509 1876 etin
523 1815 614 1878 unius
629 1816 690 1878 foci
705 1817 890 1892 praesidium
906 1817 1048 1878 omnibus
1063 1831 1128 1876 ver·
1181 1852 1182 1881 ;

153 1899 196 1959 sis
212 1900 334 1962 moenia
349 1915 473 1975 quoque
490 1900 627 1975 pluribus
642 1901 731 1962 simul
745 1901 884 1977 partibus
898 1901 991 1962 scalis
1004 1899 1127 1976 capiun·
1181 1920 1182 1933 ¹

152 1991 209 2045 tur.
230 1983 261 2043 in
277 1983 375 2058 primo
391 1984 520 2046 tumultu
534 1991 642 2058 captae
662 1984 746 2045 urbis
761 1983 900 2046 seniores
916 1984 1129 2060 impubesque,

154 2082 233 2141 quos
249 2082 341 2127 casus
358 2065 468 2129 obvios
485 2068 600 2141 obtulit,
616 2067 733 2142 passim
747 2069 845 2130 caesi=
862 2069 967 2130 armati
983 2069 1013 2128 in
1029 2085 1129 2130 arcem
1181 2094 1182 2099 ¹

152 2151 371 2224 confugerunt3
400 2157 432 2209 et
450 2157 577 2226 postero
594 2149 658 2226 die,
681 2168 751 2214 cum
766 2151 834 2227 spei
851 2152 923 2214 nihii
939 2160 1127 2228 superesset,

152 2231 306 2294 deditione
321 2233 400 2293 facta
414 2232 472 2293 sub
488 2248 605 2295 corona
621 2235 788 2298 venierunt.
808 2237 932 2299 fuerunt
952 2243 1052 2297 autem
1069 2239 1130 2298 duo

151 2315 232 2374 milia
248 2317 341 2376 ferme
356 2322 386 2376 et
400 2315 567 2393 quingenti.
596 2327 772 2382 ornamenta
785 2319 887 2395 urbis,
909 2328 1028 2382 statuae
1042 2329 1073 2382 et
1087 2329 1128 2382 ta·

150 2399 244 2458 buiae
256 2399 365 2474 pictae,
381 2408 411 2461 et
426 2400 576 2477 quidquid
586 2402 742 2478 pretiosae
754 2404 888 2480 praedae
900 2405 965 2477 fuit,
981 2405 1021 2467 ad
1033 2421 1129 2466 naves

151 2481 300 2554 delatum;
322 2484 396 2545 urbs
412 2485 512 2546 diruta
526 2502 546 2546 a
560 2486 775 2550 fundamentis.
797 2486 869 2550 inde
882 2487 1002 2550 Thebas
1019 2490 1130 2550 ductus

152 2567 323 2640 exercitus;
347 2569 460 2645 quibus
476 2569 544 2631 sina
558 2571 722 2634 certamine
736 2570 873 2647 receptis
884 2573 992 2634 urbem
1006 2574 1130 2634 tradidit

150 2653 309 2714 exsulibus
332 2661 362 2714 et
383 2653 434 2728 qui
455 2655 664 2716 Romanorum
684 2655 780 2732 partis
793 2663 896 2731 erant,
917 2657 1071 2720 adversae
1087 2657 1128 2718 fa-

149 2737 258 2797 ctionis
279 2736 436 2798 hominum
458 2739 673 2814 fautorumque
698 2740 780 2816 regis
801 2755 838 2801 ac
858 2739 1063 2802 Macedonum
1086 2742 1128 2800 fa·

148 2819 246 2880 milies
262 2820 320 2880 sub
336 2837 452 2882 corona
466 2821 611 2881 vendidit.
633 2822 680 2884 his
695 2823 790 2898 gestis
805 2824 836 2886 in
848 2825 976 2886 Boeotia
990 2826 1031 2885 ad
1045 2839 1130 2885 mare

147 2917 185 2961 ac
200 2918 295 2962 naves
309 2905 409 2963 rediit.
426 2944 429 2948 -

231 2985 336 3046 LXIV.
360 2986 433 3046 Cum
455 2987 532 3048 haec
546 2986 576 3048 in
590 2989 720 3054 Boeotia
734 2999 919 3066 gererentur,
941 2991 1075 3052 Perseus
1089 2992 1127 3052 ad

149 3067 312 3146 Sycurium
328 3070 438 3131 stativa
449 3070 566 3132 dierum
580 3073 697 3148 aliquot
711 3073 824 3136 babuit.
843 3074 895 3136 ubi
907 3091 976 3135 oum
989 3075 1128 3136 audisset

147 3152 254 3228 raptim
280 3153 437 3215 Romanos
464 3155 546 3216 circa
570 3172 609 3216 ex
635 3157 716 3232 agris
743 3159 920 3220 demessum
943 3160 1127 3220 frumentum

148 3235 337 3312 convehere,
359 3238 472 3299 deinde
485 3244 556 3300 ante
569 3256 628 3302 sua
643 3257 798 3317 quemque
811 3243 941 3303 tentoria
962 3241 1067 3318 spicas
1083 3243 1125 3302 fa·

148 3320 252 3381 scibas
268 3320 474 3395 desecantem,
493 3340 555 3399 quo
572 3324 679 3398 purius
691 3325 1003 3401 frumentumtcreret,
1020 3327 1124 3402 iugen-

149 3410 193 3463 tes
215 3420 345 3467 acervos
360 3421 416 3482 per
437 3413 500 3468 tota
521 3414 623 3468 castra
643 3415 876 3471 stramentorum
891 3410 1018 3486 fecisse,
1040 3415 1126 3470 ratus
