2368 3858
148 175 210 240 ero
305 176 520 238 ursuuxnu
542 176 626 237 cnr.
641 185 740 240 sam.
763 183 796 251 [a.
812 177 955 256 onnes]

146 333 208 408 ipsi
231 329 393 392 coniuncto
414 328 552 390 exercitu
571 334 736 403 venerunt,
762 329 844 389 circe
866 327 1038 391 Orthosiam
1058 330 1120 389 acie

147 417 295 476 vicerunt.

231 498 338 560 XXVI.
359 497 438 557 Dum
452 495 531 556 hacc
544 494 595 570 ihi,
611 496 671 556 alia
683 494 715 556 in
728 495 919 569 Macedonis,
935 494 996 557 alic
1008 497 1122 558 Romae

148 591 302 658 geruntur,
318 579 437 642 interim
452 579 482 640 in
497 579 620 658 Illyrico
633 579 667 638 L.
680 579 810 640 Anicius
824 595 898 655 rego
913 580 1033 655 Gentio,
1049 579 1123 641 sicut

147 675 218 727 ante
240 667 435 736 dictumest,
461 663 491 723 in
506 669 687 738 potestatem
701 663 842 738 redacto,
868 662 1021 738 Scodrae,
1048 680 1123 739 quae

147 751 232 827 regia
247 752 353 823 iuerat,
369 746 523 823 pruesidio
539 745 682 822 imposito
697 746 859 807 Gabinium
875 746 1034 822 pracfecit,
1056 746 1123 808 Rhi-

148 834 218 896 zoni
232 839 263 894 et
277 832 395 894 Olcinio
409 830 538 891 urbibus
552 828 733 907 opportunis
746 829 778 890 C.
787 829 944 891 Licinium.
966 832 1124 907 praeposi-

148 919 187 978 tis
207 917 255 976 his
273 915 395 995 illyrico
416 914 535 990 reliquo
557 913 694 975 exercitu
713 914 742 974 iu
755 911 883 990 Epirum
895 920 943 976 est
957 915 1123 990 proiectus.

147 999 201 1061 uhi
223 1001 322 1077 prima
340 999 477 1060 Phanota
497 997 526 1058 ei
540 997 644 1059 dedita
657 1004 720 1058 totu
733 997 926 1059 multitudine
939 1014 1010 1059 eum
1025 998 1124 1059 intulis

148 1083 269 1145 obviam
294 1083 404 1146 effuso.
440 1081 490 1143 lric
521 1081 675 1158 praesidio
699 1081 843 1158 imposito
871 1082 903 1141 in
926 1081 1125 1143 Molossidem

150 1177 371 1244 transgressus,
387 1167 474 1229 cuius
489 1166 631 1227 omnibus
646 1166 771 1241 oppidis
787 1173 909 1242 praeter
921 1165 1125 1228 Passaronem

149 1259 180 1312 et
188 1253 372 1314 Tecmonem
386 1258 416 1312 et
424 1249 579 1328 Phylacen
593 1258 624 1310 ct
633 1250 784 1310 Horreum
797 1249 930 1325 receptis
942 1249 1077 1325 primum
1090 1249 1126 1309 ad

147 1335 350 1397 Passaronem
364 1332 456 1396 ducit.
479 1334 631 1395 Antinous
651 1342 683 1396 et
695 1333 873 1396 Theodotus
888 1334 1050 1409 principes
1065 1334 1126 1394 eius

149 1418 280 1480 civitatis
295 1425 390 1493 erant,
404 1417 543 1493 insignes
559 1425 589 1478 et
602 1419 709 1478 lavoro
722 1417 828 1478 Persei
842 1417 959 1479 clodio
975 1418 1125 1478 adversus

147 1503 323 1578 Romanos,
343 1502 436 1562 iidem
449 1501 612 1563 universae
625 1501 708 1576 genti
722 1509 864 1563 auctores
879 1501 1079 1562 desciscendi
1093 1500 1126 1561 ab

147 1585 305 1647 Romanis.
327 1585 359 1646 hi
381 1584 569 1647 conscicntia
584 1586 722 1661 privatae
735 1600 847 1659 noxae,
864 1585 937 1661 quia
951 1585 1034 1660 ipsis
1049 1587 1126 1645 nulla

149 1685 224 1744 spes
238 1670 347 1732 veniae
361 1677 439 1744 erat,
460 1676 494 1729 ut
509 1669 661 1730 communi
681 1668 770 1729 ruina
784 1669 902 1745 patriae
916 1669 1126 1744 opprimerem

149 1761 210 1828 tur,
224 1756 400 1828 dauserunt
413 1761 533 1830 portas,
548 1753 783 1829 muhitudinem,
798 1759 832 1813 ut
845 1759 975 1814 mortem
989 1751 1127 1814 servituti

149 1846 381 1915 „raepouerent
397 1838 566 1899 hortantes.
584 1851 674 1898 nemo
688 1837 841 1897 adversus
852 1841 1075 1913 praepotentes
1086 1837 1127 1896 vi·

149 1933 201 1982 ros
216 1922 337 1984 hiscere
352 1922 494 1992 surdebat.
517 1921 640 1981 tandem
660 1920 837 1983 Theodotus
853 1920 993 1997 quidum,
1017 1918 1127 1982 nobilis
1181 1949 1183 2000 ς

149 2013 179 2065 ct
192 2005 261 2081 ipse
273 2006 467 2080 adolescens,
489 2021 557 2065 cum
571 2005 669 2066 maior
682 2021 700 2064 a
713 2003 861 2065 Romanis
875 2011 975 2066 metus
987 2003 1128 2066 timorem
1181 2003 1183 2086 ᾗ

148 2105 167 2146 a
182 2088 370 2165 principibus
386 2090 450 2149 suis
461 2087 597 2163 vicisset,
612 2103 713 2162 „quae
724 2104 782 2148 vos
793 2086 916 2148 rabies“
930 2087 1033 2163 inquit
1047 2086 1127 2164 „agi-
1181 2099 1183 2164 i

149 2179 206 2246 tot,
229 2173 282 2247 qui
302 2172 431 2231 duorum
452 2170 609 2231 hominum
629 2187 732 2231 noxae
748 2171 901 2232 civitatem
915 2172 1128 2233 accessionem
1182 2175 1183 2180 ’

149 2252 269 2314 iacitist
284 2254 427 2328 equidem
442 2270 499 2330 pro
515 2253 613 2328 patria
628 2255 680 2329 qui
694 2257 786 2316 letum
802 2255 1011 2332 oppetissent,
1033 2268 1128 2330 saepo

148 2337 241 2398 iando
262 2335 381 2398 audivi=
410 2338 462 2413 qui
482 2337 612 2413 patriam
630 2355 689 2414 pro
704 2354 740 2400 sc
755 2339 857 2416 perire
871 2353 1005 2415 aequum
1020 2353 1128 2400 oense
1182 2357 1183 2398 3

147 2427 229 2496 rent,
245 2421 276 2482 hi
291 2420 379 2498 primi
393 2419 508 2484 inventi
522 2429 603 2484 sunt.
627 2423 699 2499 quin
714 2423 869 2499 aperimus
886 2429 1009 2498 portas,
1031 2431 1065 2484 et
1076 2423 1128 2484 im·
1182 2465 1183 2494 ,

149 2504 266 2580 perium
282 2506 465 2582 accipimus,
489 2507 573 2581 quod
591 2505 675 2567 orbis
695 2513 844 2568 terrarum
865 2507 1030 2583 accepitt“
1053 2507 1128 2566 haec
1181 2505 1183 2588 i

149 2589 299 2652 dicentem
314 2606 382 2651 cum
397 2591 557 2652 multitudo
573 2597 763 2666 sequeretur,
778 2590 932 2652 Antinous
944 2597 975 2652 et
986 2589 1128 2652 'theodo-
1182 2589 1183 2592 ’

147 2678 197 2733 tus
219 2675 248 2733 in
270 2674 399 2749 primam
421 2676 584 2736 stationem
604 2673 737 2735 hostium
759 2673 949 2750 irruperunt,
972 2681 1068 2750 atque
1088 2671 1127 2733 ihi

148 2757 314 2819 offerentes
335 2775 372 2819 se
391 2759 452 2834 ipsi
472 2756 650 2819 vrrlneribus
671 2758 838 2819 interiecti=
865 2758 941 2819 urbs
962 2756 1068 2819 dedita
1082 2763 1128 2817 est

145 2840 302 2902 Romanis.
322 2841 415 2902 simili
426 2839 593 2918 pertinacis
606 2840 731 2917 Cephali
744 2841 893 2918 principis
904 2843 1043 2902 clausum
1053 2843 1126 2902 Teo-

146 2939 268 2984 mcnem
289 2925 358 3000 ipso
380 2926 538 2986 interiecto
553 2940 610 3000 per
624 2925 810 2987 deditionem
824 2924 950 3001 recepit.
974 2941 1033 2986 nec
1047 2925 1126 3002 Phy-

146 3009 213 3067 lace
227 3024 285 3068 uec
299 3009 449 3069 Horreum
464 3008 724 3085 oppugnationem
740 3011 882 3070 tulerunt.
897 3016 1009 3087 pacate
1022 3009 1126 3084 Epiro,

147 3089 320 3167 divisisque
341 3091 372 3151 in
395 3092 523 3152 lrihema
545 3091 644 3168 copiis
665 3109 723 3168 per
737 3100 929 3170 opportunus
942 3094 1054 3168 urbes,
1078 3107 1125 3152 re

146 3190 274 3250 gressus
288 3176 400 3249 ipsein
416 3176 580 3255 illyricum,
595 3175 742 3252 Scodrae,
758 3195 819 3253 quo
837 3178 974 3253 quinque
983 3177 1076 3252 legati
1088 3174 1125 3234 uh

146 3259 244 3320 Romo
265 3267 426 3335 venerant,
448 3261 585 3322 evocatis
607 3276 648 3320 ex
668 3266 734 3321 tots
753 3261 914 3337 provincia
934 3260 1123 3336 principibus

147 3354 328 3405 conventum
348 3345 463 3404 habuit.
486 3344 527 3404 ibi
548 3360 605 3420 pro
620 3343 760 3404 tribunali
779 3345 986 3420 pronuntiavit
1001 3345 1040 3405 de
1055 3358 1123 3402 sen·

148 3425 239 3486 tentia
256 3425 393 3496 consilii,
420 3434 558 3488 senatum
579 3428 790 3502 populumque
809 3430 981 3489 Romanum
1001 3424 1121 3504 illyrios
