2424 3872
164 182 206 248 26
304 174 419 238 LIBER
433 175 565 236 XXXIX.
585 174 668 234 CAP.
683 182 728 238 28·
739 182 783 238 29.
806 181 842 248 [a.
855 179 889 232 U.
902 198 925 232 c.
938 180 1000 248 567]

164 330 268 410 quenti
289 329 409 392 consuli
427 330 461 390 L.
484 327 634 404 Scipioni,
659 342 728 388 cum
752 335 833 388 terra
852 324 1012 388 statuisset
1031 327 1152 388 ducere

162 416 330 478 exercitum
349 415 390 474 ad
404 414 651 488 Hellespontum,
673 426 734 472 non
748 410 805 471 iter
819 417 1004 486 tantumper
1018 426 1152 487 regnum

162 508 300 563 nostrum
321 497 409 571 dedi,
430 497 488 556 scd
502 496 568 556 vias
583 494 674 556 otiam
688 494 818 567 munivi,
839 501 951 569 pontes
966 494 1040 567 leci,
1063 509 1151 557 com·

162 590 281 645 meatus
302 579 446 658 praebui,
475 594 533 639 nec
554 593 610 654 per
629 577 841 638 Macedoniam
861 584 992 652 tantum,
1012 578 1071 637 sed
1093 593 1152 654 per

161 667 322 728 Thraciam
343 662 447 736 ctiam,
469 661 523 723 ubi
538 660 617 721 inter
630 667 732 722 cetera
745 676 808 737 pax
823 676 947 737 quoquc
960 662 1153 736 praestanda

163 749 335 812 abarbaris
354 753 428 806 erat.
457 761 513 821 pro
536 745 597 807 boc
611 744 712 808 studio
728 759 797 805 mco
811 760 886 819 erga
897 761 971 819 vos,
992 760 1032 804 no
1046 744 1153 805 dicam

162 834 280 904 merito,
295 838 394 892 uuum
407 828 530 889 adicere
544 845 617 902 vos,
632 827 771 901 Romani,
786 828 902 904 aliquid
916 835 948 889 et
961 828 1154 903 amplificare

163 925 194 977 et
208 929 321 989 augere
334 928 463 987 regnum
477 927 579 972 meum
590 911 796 973 munificentia
807 917 911 972 vestra
922 911 1094 987 oportebat,
1109 928 1153 971 an

163 1013 244 1076 quae
264 997 407 1058 haberem
428 1004 480 1056 aut
493 1011 561 1058 mco
577 994 643 1056 iure
656 1002 710 1056 aut
721 994 872 1055 beneficio
887 1003 991 1056 vestro
1006 994 1155 1070 eriperet

162 1082 195 1143 id
216 1080 301 1158 quod
323 1095 404 1140 nunc
425 1079 534 1140 tacitis.
561 1079 764 1141 Macedonum
785 1078 939 1152 civitates,
961 1093 1038 1154 quas
1060 1079 1155 1154 regni

162 1167 222 1226 mei
237 1164 334 1225 luisse
349 1163 491 1238 fatemini,
507 1178 568 1224 non
582 1162 791 1224 restituuntur.
815 1161 978 1236 Eumenes,
992 1169 1153 1238 tamquam

163 1251 203 1311 ad
217 1247 417 1319 Antiochum,
440 1248 480 1307 ad
494 1245 686 1323 spoliandum
701 1261 750 1305 mc
766 1246 862 1318 venit,
879 1245 950 1306 etsi
964 1245 1023 1304 dlis
1034 1245 1155 1320 placet,

163 1334 271 1393 decem
295 1333 465 1406 legatorum
490 1331 645 1391 decretum
671 1327 839 1388 calumniae
863 1328 1155 1404 impudentissimae

163 1415 351 1491 praetendit;
371 1430 434 1489 quo
448 1413 578 1474 maxime
590 1412 726 1473 etrelelli
739 1420 769 1473 et
779 1411 904 1487 coargui
916 1418 1027 1488 potest.
1049 1411 1154 1472 diser·

162 1498 279 1560 tissime
300 1494 381 1557 enim
397 1493 638 1571 planissimeque
652 1495 683 1554 in
699 1510 737 1556 eo
754 1497 900 1572 scripturn
915 1503 963 1556 est
977 1494 1155 1555 Chersone·

163 1598 232 1642 sum
251 1587 281 1640 et
292 1578 517 1658 Lysimachiam
530 1578 657 1638 Eumeni
678 1578 753 1638 dari.
785 1579 836 1639 ubi
856 1580 980 1641 tandem
993 1580 1102 1640 Aenus
1120 1586 1155 1640 et

161 1665 308 1725 Maronea
326 1670 356 1724 et
369 1662 516 1723 Thraciae
538 1659 675 1723 civitates
696 1663 871 1739 adscriptae
890 1669 983 1724 suntt
1009 1662 1095 1736 quod
1110 1661 1154 1722 ab

161 1747 221 1809 illis
242 1762 282 1806 ne
302 1747 460 1822 postulare
481 1744 604 1820 qudem
624 1752 673 1805 cst
692 1762 802 1820 ausus,
824 1746 855 1806 id
876 1747 960 1821 apud
978 1761 1053 1819 vos,
1073 1753 1154 1806 tarn·

164 1847 258 1906 quam
269 1829 308 1891 ab
323 1829 382 1890 illis
398 1829 620 1904 impetraverit,
641 1828 809 1890 obtinebit?
831 1846 893 1904 quo
909 1828 939 1889 in
955 1844 1084 1891 numero
1101 1846 1154 1891 me

164 1915 246 1990 apud
259 1929 318 1974 vos
334 1928 405 1974 esse
419 1912 527 1985 velitis,
543 1913 645 1973 relert.
668 1912 695 1973 si
708 1919 863 1988 tamquam
879 1912 1034 1972 inimicum
1048 1920 1080 1973 et
1094 1913 1153 1974 ho-

163 2007 240 2059 stem
254 1997 397 2059 lnsoctari
413 1995 606 2072 propositum
620 2002 676 2070 cst,
693 1995 809 2072 pergite
823 2002 858 2056 ut
871 1996 1018 2071 coepistis
1030 1997 1155 2057 lacer-02

165 2082 212 2140 sin
224 2081 333 2155 aliquis
345 2086 507 2154 respectus
519 2085 567 2138 est
577 2079 636 2137 mei
647 2086 681 2140 ut
690 2081 768 2140 socii
781 2086 874 2155 atque
884 2079 974 2140 amici
985 2081 1079 2155 regis,
1096 2081 1154 2140 de·

164 2177 282 2238 precor,
294 2176 333 2220 ue
344 2176 393 2220 me
404 2169 486 2222 tanta
498 2160 608 2221 iniuria
615 2160 739 2236 dignum
752 2161 923 2224 iudicetis.“
936 2163 1041 2223 XXlX.
1054 2163 1157 2226 movit

162 2246 348 2320 aliquantum
369 2245 466 2304 oratio
487 2242 569 2319 regis
590 2246 718 2320 legatos.
751 2247 855 2320 itaque
875 2246 977 2307 medlo
991 2262 1154 2322 responso

162 2345 226 2389 rem
248 2327 486 2403 suspenderunt.
523 2329 550 2387 si
564 2328 672 2389 decem
693 2329 861 2403 legatorum
879 2329 1003 2390 decreto
1018 2329 1155 2391 Eumeni

164 2413 251 2472 datae
272 2409 409 2472 civitates
430 2427 486 2472 eae
506 2418 626 2484 essent,
646 2410 720 2471 nihil
742 2428 777 2471 se
792 2420 924 2474 mutarez
947 2413 974 2472 si
987 2411 1154 2490 Philippus

162 2496 242 2556 bello
266 2494 403 2570 cepisset
416 2509 485 2568 eas,
510 2493 676 2569 praemium
691 2494 837 2556 victoriae
856 2495 922 2556 iure
943 2495 1015 2556 belli
1028 2495 1154 2558 habitu·

162 2595 243 2640 runt:
267 2579 294 2639 sl
309 2586 449 2640 neutrum
463 2593 569 2639 eorum
583 2579 676 2652 toret,
699 2576 903 2653 cognitionem
917 2580 1043 2654 placere
1058 2595 1154 2640 sena·

163 2664 205 2722 tui
226 2663 394 2735 reservari,
416 2669 447 2723 ct
460 2669 494 2722 ut
508 2662 608 2722 omnia
623 2662 653 2720 in
668 2662 786 2738 integro
804 2668 976 2736 manerent,
990 2663 1154 2736 praesidia

163 2761 243 2819 quae
257 2745 289 2806 ir.
303 2745 341 2806 iis
357 2745 484 2806 urbibus
500 2745 561 2805 sint
575 2744 696 2805 deduci.

245 2828 309 2886 Hae
325 2844 438 2888 causae
453 2829 584 2887 maxime
599 2827 732 2886 animum
743 2824 875 2902 Philippi
887 2826 1101 2890 alienaverunt
1113 2829 1154 2890 ab

161 2909 322 2983 Romanis,
344 2917 376 2970 ut
396 2927 458 2970 non
472 2926 490 2970 a
504 2908 617 2970 Perseo
638 2908 700 2970 nlio
716 2907 783 2969 eius
798 2911 888 2970 novis
904 2912 1006 2973 causis
1021 2919 1153 2987 motum,

161 2992 218 3052 sed
233 2992 344 3052 obbas
360 3009 378 3052 a
393 3001 478 3064 patre
493 2991 605 3069 bellum
620 2991 758 3053 relictum
769 2992 831 3054 filio
843 2994 942 3054 videri
954 2993 1065 3070 possit.
1087 2995 1156 3058 Ro-

161 3091 230 3134 mae
244 3077 328 3135 nulla
340 3076 412 3135 belli
426 3075 617 3136 Macedonici
632 3075 770 3150 suspicio
785 3084 859 3137 erat.
882 3077 916 3136 L.
925 3075 1062 3140 Manlius
1079 3096 1153 3154 pro·

162 3161 270 3219 consul
292 3175 331 3218 ert
345 3158 494 3235 Hispania
514 3159 662 3227 redieram
686 3159 735 3220 cui
757 3160 923 3234 postulanti
938 3162 977 3221 ab
993 3171 1106 3222 senatu
1121 3163 1154 3222 in

163 3241 241 3301 aede
251 3243 397 3303 Bellonae
412 3241 597 3317 triumphum
611 3258 713 3302 rerum
728 3249 883 3317 gestarum
899 3243 1078 3320 magnitudo
1095 3245 1153 3305 im·

163 3324 341 3399 petrobilcm
355 3325 493 3400 iaciebat,
510 3327 684 3400 exemplum
700 3325 849 3399 obstabat,
868 3327 953 3401 quod
966 3325 1008 3386 ito
1024 3343 1153 3404 compa-

162 3417 260 3469 ratum
274 3423 360 3469 more
375 3409 523 3470 maiorum
537 3418 611 3485 erat,
627 3425 667 3469 ne
683 3407 751 3485 quis
768 3409 820 3484 qui
835 3408 999 3468 exercitum
1016 3427 1081 3470 non
1096 3412 1155 3472 dc·
