2328 3870
152 222 210 288 132
330 223 444 282 LIBER
458 223 546 282 xttt.
568 223 651 282 CAP-
665 233 691 283 2.
703 230 731 284 3.
752 223 789 300 [a.
802 228 837 282 U.
849 246 873 281 c.
887 224 949 302 ste]

150 376 305 446 licaretur,
330 382 360 435 et
373 383 407 435 ut
419 373 602 450 supplicatio
624 375 773 452 prodigiis
788 375 949 452 expiandis
964 376 1056 437 lieret:
1074 379 1109 437 al·

150 467 222 530 tera,
239 473 319 532 quae
331 460 433 534 priore
444 472 524 518 anno
538 456 718 520 valetudinis
730 459 837 534 populi
848 475 944 520 causa
955 467 1022 520 vota
1033 467 1108 520 esset.

149 559 186 602 ea
201 543 243 601 uti
259 540 413 616 feriaeque
425 548 539 600 essent.
562 539 665 618 itaque
678 541 882 602 sacrificatum
894 549 950 621 est,
966 549 996 602 ut
1006 543 1107 602 decent·

150 624 207 684 viri
221 625 368 700 scriptum
384 620 553 684 ediderunt.

236 707 287 766 tn.
309 705 424 768 Eodem
445 723 525 768 anno
547 706 633 768 aedis
649 707 773 772 lunonis
788 709 930 771 Laciniae
946 707 1063 770 detecta.
1082 707 1107 780 Q.

149 791 273 851 Fulvius
288 788 417 853 Flaccus
433 805 544 851 censor
559 790 668 852 aedem
682 789 833 855 Fortunae
848 789 1014 875 equestris,
1034 806 1108 866 quam

148 874 179 938 in
200 870 349 944 Hispania
375 879 497 946 praetor
520 874 601 935 bello
627 870 805 936 Celtiberico
830 881 973 947 vat'erat,
998 871 1109 932 iaciebat

149 954 240 1014 enixo
254 953 372 1026 studio,
385 969 423 1014 ne
437 952 531 1017 ullum
545 955 662 1015 Romae
675 953 807 1032 amplius
820 964 913 1018 antra
974 952 1106 1016 iilcentius

150 1039 294 1114 templum
308 1045 402 1098 esset.
438 1054 581 1111 magnum
597 1046 807 1100 ornamentum
819 1038 847 1102 ei
860 1034 940 1114 temp
954 1056 972 1100 o
987 1036 1026 1100 ita
1039 1045 1106 1097 ratus

149 1119 353 1193 adiecturum,
378 1123 402 1180 si
427 1116 546 1193 tegulae
568 1138 758 1182 marmoreae
778 1130 899 1196 essent,
924 1123 1071 1197 proiectus
1085 1119 1106 1179 in

146 1203 282 1266 Bruttios
303 1206 411 1264 aedem
426 1205 550 1266 lunonis
564 1202 706 1264 Laciniae
721 1203 760 1262 ad
775 1210 893 1278 partem
908 1199 1055 1262 dimidiam
1068 1199 1108 1257 de-

148 1289 235 1363 tegit,
256 1289 287 1349 id
303 1285 378 1348 satis
393 1289 459 1346 lore
474 1296 559 1349 ratus
574 1287 614 1348 ad
628 1286 791 1362 tegendum
807 1285 892 1361 quod
907 1283 1108 1346 aedificaretur.

147 1388 243 1432 naves
265 1378 390 1446 paratae
411 1373 546 1443 luerunt,
568 1384 648 1444 quae
670 1371 810 1430 tollerent
828 1376 922 1446 atque
937 1372 1109 1442 asportarent

146 1454 325 1514 atrctoritate
340 1453 481 1513 censoria
496 1453 589 1514 sociis
606 1451 755 1513 deterritis
770 1451 802 1512 id
816 1451 1008 1528 sacrilegium
1025 1447 1108 1524 prohi-

148 1535 229 1596 bere.
254 1543 418 1610 postquam
434 1551 546 1598 censor
558 1533 662 1608 rediit,
678 1533 798 1610 tegulae
812 1535 976 1611 expositae
990 1529 1107 1608 denari·

146 1619 204 1679 bus
219 1619 261 1678 ad
274 1620 416 1694 templum
431 1619 637 1693 portabantur.
671 1635 856 1694 quamquam
871 1619 955 1682 trude
969 1623 1066 1678 essent
1077 1613 1108 1672 si·

147 1702 278 1772 tebatur,
300 1717 362 1762 non
384 1709 482 1764 tamen
504 1703 597 1762 celari
616 1701 722 1777 potuit.
753 1699 893 1777 fremitus,
908 1699 974 1767 cius
994 1693 1109 1776 igiturin

146 1785 230 1844 curia
247 1793 331 1846 ortus
344 1793 404 1845 est:
428 1802 467 1845 ex
480 1785 619 1846 omnibus
632 1784 768 1860 partibus
778 1785 1000 1860 postulabatur,
1012 1791 1043 1844 ut
1052 1796 1110 1842 con·

147 1871 229 1930 sules
252 1886 320 1930 eam
342 1885 405 1928 rem
428 1869 466 1930 ad
483 1876 623 1932 senatum
637 1869 793 1930 referrent.
823 1877 858 1932 ut
871 1885 948 1930 vero
964 1863 1111 1928 arcessitus

147 1952 176 2012 in
193 1953 306 2014 curiam
322 1969 433 2013 censor
446 1953 535 2025 venit,
550 1953 644 2013 multo
655 1950 795 2012 infestius
808 1952 921 2028 singuli
933 1947 1112 2021 universique

148 2043 339 2110 praesentem
366 2037 517 2095 lacerarer
548 2037 693 2111 templum
717 2033 971 2112 augustissimum
996 2029 1111 2106 regionis

147 2118 222 2188 eius,
240 2118 323 2192 quod
338 2134 398 2177 non
412 2117 558 2194 Pyrrhus,
574 2135 635 2180 non
649 2117 800 2180 Hannibal
814 2118 999 2187 violassent,
1015 2115 1112 2174 violare

146 2215 252 2274 pamm
267 2200 428 2273 babuisse,
445 2201 503 2260 nisi
519 2203 687 2263 detexisset
701 2203 791 2263 laede
806 2217 842 2262 ac
857 2218 958 2277 prope
975 2199 1111 2260 diruisset.

146 2281 314 2342 detractum
336 2284 454 2342 culmen
472 2287 599 2360 templa,
621 2285 765 2346 nudatum
781 2293 891 2346 tectum
909 2291 1013 2360 patere
1028 2277 1111 2340 imbri·
1159 2342 1160 2345 ,

146 2363 203 2424 bus
221 2365 491 2438 putrefaciendum.
512 2375 544 2428 et
557 2384 717 2429 censorem
733 2368 868 2429 moribus
883 2367 1027 2444 regendis
1042 2377 1107 2425 crea
1159 2425 1161 2452 ἵ

146 2454 216 2518 tum,
235 2449 284 2509 cui
299 2456 474 2512 sartatecta
490 2450 613 2526 exigere
628 2452 725 2513 sacris
743 2451 870 2527 publicis
886 2459 917 2512 et
932 2453 1001 2512 loca
1015 2445 1113 2511 tuenda

145 2547 229 2591 more
250 2533 399 2595 maiorum
420 2536 558 2596 traditum
580 2542 677 2609 esset,
700 2551 769 2596 euru
789 2550 846 2609 per
863 2536 1019 2596 sociorum
1034 2529 1112 2592 urbes
1159 2537 1161 2602 ᾗ

145 2613 313 2676 diruentem
337 2621 449 2692 templa
473 2620 699 2696 nudantemque
724 2625 803 2678 tecta
827 2617 950 2680 aedium
972 2626 1113 2700 sacrarum
1160 2621 1161 2628 ’

145 2699 258 2774 vagari,
277 2709 308 2760 et
323 2702 422 2776 qnod,
439 2703 465 2761 si
482 2703 511 2762 ln
528 2701 655 2778 privatis
670 2698 825 2762 sociorum
840 2700 990 2762 aediliciis
1005 2701 1113 2764 laceret,

144 2780 302 2856 indignum
316 2785 411 2844 videri
427 2791 547 2859 posset,
570 2785 601 2843 id
616 2785 706 2844 deum
722 2783 934 2846 immortalium
947 2784 1057 2859 templa
1070 2779 1113 2838 de·

143 2864 317 2924 molientem
337 2869 453 2940 lrtcere,
478 2874 507 2928 et
528 2866 718 2942 obstringere
737 2867 885 2945 religione
900 2868 1046 2943 populum
1060 2863 1111 2921 Ro·

143 2961 274 3019 manum,
290 2949 386 3007 ruinis
401 2951 582 3024 templorum
600 2952 712 3026 templa
727 2949 955 3023 aedificantem,
969 2957 1113 3022 umquam

143 3043 203 3087 non
220 3028 313 3090 iidem
326 3031 439 3106 ubique
455 3032 497 3093 dli
512 3031 698 3095 immortales
713 3035 782 3107 sint,
803 3035 860 3094 sed
875 3035 983 3109 spoliis
998 3031 1113 3092 aliorum

143 3107 194 3170 alli
207 3112 328 3173 colendi
340 3115 579 3191 exornandique.
602 3134 680 3192 cum,
692 3118 872 3195 priusquam
884 3119 1054 3188 referretur,
1069 3125 1114 3185 ap·

143 3203 266 3268 pareret
291 3196 363 3274 quid
388 3199 534 3260 sentirent
558 3208 676 3276 patres,
705 3199 854 3262 relatione
879 3201 959 3262 lacta
980 3199 1011 3258 in
1032 3208 1112 3258 uuam

144 3292 251 3338 omnes
273 3283 452 3342 sententiam
473 3286 587 3358 ierunt,
608 3291 641 3346 ut
660 3300 716 3345 eae
736 3286 856 3360 tegulae
873 3280 1074 3362 reportandae
1087 3274 1111 3334 it
1157 3355 1159 3362 Α

142 3363 289 3437 templum
303 3365 476 3427 locarentur
490 3364 718 3444 piaculariaque
729 3365 838 3429 lunoni
852 3367 969 3428 tierent.
992 3377 1069 3442 quae
1078 3353 1113 3420 ad

144 3444 321 3518 religionem
341 3451 506 3524 pertinent,
528 3466 596 3513 cum
618 3468 692 3513 cura
707 3452 801 3513 lacta:
822 3447 941 3526 tegulas
955 3449 1073 3512 relictas
1086 3444 1113 3502 in
