2368 3858
175 189 237 255 288
340 188 456 250 LIBER
466 187 556 248 XLV.
580 186 663 246 cAP.
675 193 719 248 35.
731 193 776 250 36.
790 185 826 263 [a.
838 190 872 242 U.
884 206 908 242 c.
921 188 982 256 585]

172 342 285 404 intacta
300 338 416 400 invidia
435 338 537 399 inedia
557 344 643 399 sunt=
672 337 713 397 ad
727 352 847 398 sumina
862 337 957 396 ferme
971 334 1076 396 tendit.
1096 348 1145 393 nee

173 427 212 487 de
222 423 324 485 Anicii
335 438 394 485 nec
409 423 448 483 de
460 421 578 483 Octavii
588 421 741 498 triumpho
754 422 923 482 dubitatum
935 424 1000 480 est:
1021 417 1146 489 Paulum,

174 510 224 570 eui
245 508 306 585 ipsi
327 521 453 583 quoque
473 521 509 566 se
531 520 712 582 comparare
738 504 949 579 erubuissent,
977 499 1146 564 obtrectatio

174 592 299 669 carpsit.
328 590 453 667 antiqua
473 589 636 666 disciplina
656 589 766 650 milites
787 588 952 657 habuerat;
982 588 1022 647 de
1043 583 1160 662 praeda¹

173 675 299 753 parcius
316 691 408 752 quam
420 682 622 752 speraverant
633 688 672 733 ex
683 671 774 734 tantis
785 674 879 748 regiis
892 672 1016 748 opibus,
1032 669 1149 730 dederat

173 760 248 820 nihil
262 757 423 833 relicturis,
439 755 466 819 si
480 755 619 819 aviditati
633 757 851 833 indulgeretur,
867 755 952 833 quod
964 753 996 814 in
1007 751 1148 814 aerarium

175 844 317 904 deterret.
351 848 435 903 totus
460 841 680 903 Macedonicus
707 841 861 902 exercitus
894 835 1073 915 imperatori
1095 843 1149 896 erat

174 926 373 1002 neglegenter
399 925 562 987 adiuturus
584 925 715 988 comitiis
738 925 886 987 terendae
905 923 995 998 legis.
1026 922 1084 981 sed
1103 935 1148 980 eos

176 1009 242 1070 Ser.
260 1009 414 1084 Sulpicius
431 1009 542 1084 Galba,
568 1010 621 1086 qui
640 1007 780 1070 tribunus
796 1007 923 1069 militum
944 1006 1102 1066 secundae
1114 1005 1148 1063 le-

174 1093 276 1169 gionis
289 1093 321 1153 in
335 1093 518 1155 Macedonia
535 1095 641 1168 luerat,
664 1093 804 1169 primum
818 1090 996 1168 imperatori
1010 1089 1149 1162 inimicus,

175 1178 353 1254 prensando
374 1176 442 1253 ipse
464 1184 495 1238 et
514 1193 571 1253 per
592 1192 667 1238 suae
688 1173 819 1252 legionis
838 1174 949 1236 milites
966 1171 1148 1236 sollicitando

176 1261 397 1333 stimulaverat,
419 1267 453 1321 ut
473 1261 650 1338 trequentes
670 1260 711 1320 ad
733 1260 913 1336 suffragium
928 1260 1086 1320 adessent
1106 1255 1149 1316 iin-

178 1347 335 1421 periosum
359 1345 470 1404 ducem
495 1351 526 1404 et
554 1345 719 1421 malignum
743 1344 933 1420 antiquando
958 1342 1160 1420 rogationem

177 1443 257 1504 quae
279 1429 318 1489 de
340 1427 491 1503 triumpho
514 1429 581 1491 eius
608 1431 753 1504 terretur,
778 1427 1012 1490 ulciscerentur.
1041 1425 1157 1502 plebem

175 1511 324 1571 urbanam
336 1517 511 1571 secuturam
526 1527 598 1574 esse
613 1512 739 1574 rnilitum
754 1512 877 1574 iudicia.
899 1509 1064 1588 pecuniam
1079 1509 1152 1569 illum

177 1595 251 1655 dare
266 1609 328 1655 non
344 1594 500 1669 potuisse:
522 1595 646 1657 militem
661 1597 812 1658 honorem
823 1596 898 1656 dare
909 1611 1016 1672 posse.
1040 1609 1080 1653 ne
1091 1607 1149 1668 spe

176 1684 258 1739 roret
277 1677 319 1738 ibi
334 1679 464 1740 lruetum
479 1679 604 1754 gratiae,
627 1680 679 1741 uhi
693 1697 755 1742 nori
771 1680 944 1740 meruisset.
966 1677 1101 1739 xxxvi.
1121 1675 1152 1735 iis

175 1759 316 1837 incitatis,
332 1777 401 1822 cuin
415 1763 446 1823 iii
459 1763 608 1838 capitolio
619 1765 812 1840 rogationem
823 1779 891 1824 eam
901 1764 945 1823 Ti.
958 1760 1158 1837 Sempronius.

176 1845 316 1907 tribunus
337 1847 436 1921 plebis
457 1849 564 1921 lerret,
587 1853 618 1907 et
638 1847 765 1923 privatis
786 1847 825 1907 de
845 1848 913 1922 lege
933 1843 1059 1910 dicendi
1076 1845 1149 1906 locus

178 1937 276 2004 esset,
298 1930 339 1990 ad
360 1931 552 1992 suadendum
572 1937 607 1991 ut
625 1931 656 1990 iii
676 1947 710 1991 re
732 1930 855 1992 minime
870 1930 963 1991 dubie
977 1929 1060 1990 haud
1080 1927 1151 2005 quis

179 2028 269 2088 quam
288 2013 487 2089 procederet,
511 2014 576 2075 Ser.
599 2014 695 2075 Galba
714 2021 842 2090 repente
863 2013 1020 2090 processit
1034 2020 1066 2074 et
1079 2029 1097 2072 a
1110 2011 1161 2072 tri-0

179 2089 268 2154 bunis
284 2096 459 2171 postulavit,
476 2104 516 2172 ut,
540 2097 685 2173 quoniam
700 2098 777 2160 hora
792 2099 853 2158 iam
868 2105 978 2160 octava
993 2097 1054 2157 diei
1070 2102 1152 2168 esset,

178 2191 235 2236 neo
255 2177 331 2237 satis
352 2180 499 2254 temporis
520 2179 561 2239 ad
588 2181 861 2243 demonstrandum
884 2181 1028 2256 haberet,
1055 2197 1107 2242 cur
1123 2179 1150 2238 t.

180 2259 338 2354 homilium
365 2277 427 2322 non
454 2262 596 2323 iuberent
616 2265 818 2342 triumphare,
848 2265 879 2324 iii
902 2272 1060 2342 postemm
1082 2262 1152 2325 diem

179 2341 335 2404 differrent
352 2352 383 2404 et
402 2361 491 2406 mane
512 2361 580 2406 eam
599 2364 663 2409 rem
686 2356 826 2424 agerent:
849 2349 967 2426 integro
984 2349 1045 2411 sibi
1058 2349 1106 2409 die
1118 2345 1160 2426 ad„

179 2440 305 2523 eausam
321 2444 388 2488 euni
404 2431 551 2491 orandam
566 2448 645 2507 opus
661 2449 743 2494 esse.
765 2450 835 2495 euni
848 2434 988 2496 tribunus
1005 2435 1107 2494 dicere
1120 2445 1150 2490 eo

180 2508 239 2603 die,
256 2511 282 2572 si
298 2512 372 2588 quid
388 2515 487 2589 vellet,
503 2514 629 2587 iuberet,
651 2517 682 2576 in
698 2524 819 2578 noctem
833 2533 899 2577 rem
914 2518 1047 2578 dicendo
1063 2522 1152 2577 extra·

176 2599 235 2688 igit,
256 2597 417 2658 referendo
433 2599 692 2676 admonendoque
712 2608 822 2662 exacta
836 2603 948 2663 acerbe
968 2601 1073 2662 munia
1085 2597 1150 2660 mili·

177 2682 251 2772 tiae3
283 2679 353 2754 plus
374 2682 505 2756 laboris,
528 2684 598 2759 plus
619 2684 747 2759 periculi
769 2702 862 2761 quam
883 2684 1096 2747 desiderasset
1107 2697 1149 2742 res

178 2770 361 2858 iniunctum
386 2766 536 2825 contrairi
552 2766 710 2843 praemiis,
731 2769 762 2828 in
776 2768 948 2831 honoribus
965 2770 1069 2832 omnia
1082 2773 1148 2829 arta·

178 2847 225 2911 ta;
247 2845 452 2939 militiamque,
470 2849 496 2908 si
512 2850 622 2911 talibus
637 2853 786 2914 succedat
802 2852 942 2928 ducibus,
958 2852 1148 2915 horridiorem

178 2939 429 3022 asperioremque
453 2931 651 3011 bellantibuS,
677 2936 807 2996 eandem
836 2935 1007 2999 victoribus
1038 2936 1149 3012 inopem

178 3013 270 3082 atque
281 3010 492 3108 inhonoratam
505 3017 644 3078 laturam.
656 3018 844 3082 Macedonas
856 3018 887 3081 in
899 3022 1027 3084 meliore
1041 3023 1160 3084 fortuna

177 3107 271 3166 quani
285 3096 394 3157 milites
406 3098 561 3162 Romanos
576 3118 657 3164 esse.
679 3104 707 3164 si
722 3105 899 3179 trequentes
912 3114 1040 3182 postero
1056 3105 1103 3166 die
1115 3100 1148 3162 ad

177 3175 276 3250 legem
291 3179 509 3276 antiquandam
524 3186 679 3263 adessent,
695 3184 904 3251 intellecturos
918 3198 1060 3266 potentes
1074 3187 1146 3248 viros

177 3274 246 3357 non·
261 3278 362 3324 omnia
376 3262 407 3324 in
423 3267 520 3343 ducis,
540 3270 655 3347 aliquid
670 3278 700 3332 et
713 3272 744 3330 in
756 3272 883 3335 militum
897 3290 991 3335 manu
1006 3289 1086 3334 esse.
1107 3269 1145 3330 his

179 3345 307 3438 vocibus
328 3345 441 3410 incitati
456 3361 580 3426 postero
596 3354 646 3414 die
660 3355 768 3415 milites
782 3362 865 3416 tanta
881 3358 1053 3433 frequentia
1069 3350 1145 3429 copi·

178 3424 282 3487 toliuin
299 3433 541 3512 compleverunt,
563 3444 597 3497 ut
613 3438 711 3498 aditus
727 3439 799 3497 nulli
815 3447 976 3514 praeterea
990 3441 1030 3501 ad
1046 3436 1144 3500 sullia-
