2328 3870
228 215 444 278 LlBERXLfl.
468 217 550 278 cap.
565 225 665 279 anan.
689 223 845 291 [acran]
961 215 1024 281 155

56 376 163 444 essent,
184 368 243 429 nisi
265 369 382 444 populo
403 369 540 430 Romano
562 368 800 445 satisfecissent,
821 371 902 432 bello
917 387 1020 448 perse-

55 460 194 532 queretur.
223 453 362 528 legiones
385 458 528 527 quattuor
547 469 645 513 novas
666 453 759 513 scribi
781 454 909 529 placuit,
933 455 1022 515 binas

55 537 171 614 singuiis
187 537 379 597 consulibus.
401 537 430 596 id
448 536 614 611 praecipue
628 535 808 612 provinciae
823 529 1024 598 Macedoniae

54 625 153 693 datum,
169 620 266 695 quod,
283 636 351 680 cum
367 619 491 680 alterius
504 619 641 680 consulis
653 619 826 694 legionibus
839 619 1024 696 quinamilia

54 713 79 766 et
91 705 195 765 duceni
218 703 340 780 pedites
356 719 395 762 ex
410 709 513 763 vetere
528 703 663 764 instituto
679 703 824 764 darentur
839 705 869 763 in
885 703 1022 779 singalas

57 789 186 864 legiones,
203 787 235 847 in
250 780 465 846 Macedoniam
480 802 556 846 sena
569 785 651 846 milia
665 787 802 862 peditum
817 787 919 848 scribi·
926 788 1021 858 iussa,

53 872 157 947 equites
178 869 298 930 treceni
322 869 492 944 aequaliter
511 868 541 929 in
556 870 692 946 singulas
708 869 856 945 legiones.
880 870 954 931 etin
970 886 1007 931 so

52 953 109 1015 ciali
128 955 266 1014 exercitu
289 952 408 1013 consuli
429 953 514 1013 alteri
540 961 647 1014 auctus
675 969 837 1014 numerus:
864 955 1021 1014 sexdecim

3 1113 4 1118 ἵ
53 1038 119 1098 milia
132 1038 282 1112 peditum,
298 1035 490 1111 octingentos
505 1038 634 1112 equites,
652 1043 772 1112 praeter
788 1051 852 1110 eos,
869 1054 948 1112 quos
966 1037 1031 1096 Cn..

53 1121 169 1184 Sicinius
185 1120 340 1194 duxisset,
357 1126 522 1180 sexcentos
538 1121 666 1195 equites,
689 1119 720 1179 in
734 1117 947 1179 Macedoniam
961 1128 1020 1181 tra·

53 1209 138 1265 iceret.
153 1205 262 1265 ltaliae
276 1204 350 1264 satis
364 1204 430 1263 visa
442 1204 604 1264 duodecim
615 1204 697 1262 milia
708 1201 862 1263 sociorum
876 1202 1021 1277 peditum,

51 1288 174 1348 sexcenti
195 1287 329 1365 equites.
355 1285 427 1347 illud
449 1301 575 1363 quoque
601 1285 801 1363 praecipuum
823 1285 926 1346 datum
947 1286 1021 1346 sorti

3 1391 5 1440 3
28 1421 30 1428 .
51 1371 253 1446 Macedoniae,
276 1380 310 1432 ut
331 1368 524 1432 centuriones
546 1369 719 1446 militesque
738 1376 860 1429 veteres
875 1368 1022 1429 scriberet

3 1465 4 1532 j
52 1473 118 1530 quos
139 1457 234 1516 vellet
256 1453 364 1516 consul
385 1467 486 1530 usque
501 1455 540 1515 ad
556 1454 775 1530 quinquaginta
789 1467 897 1514 annos.
926 1453 957 1513 in
972 1452 1021 1512 tn'·

51 1537 127 1599 bunis
152 1539 283 1600 militum
308 1543 453 1599 novatum
477 1554 514 1598 eo
540 1553 620 1598 anno
642 1543 769 1613 propter
788 1535 1020 1597 Macedonicum

3 1693 4 1704 .
53 1622 165 1698 bellum,
188 1623 276 1698 quod
298 1623 443 1682 consules
466 1637 505 1680 ex
519 1630 645 1682 senatus
661 1623 801 1681 consulto
817 1620 856 1679 ad
872 1620 1020 1695 populum

3 1729 4 1760 1
52 1707 169 1766 tulerunt
183 1723 225 1766 ne
239 1705 353 1766 tribuni
366 1705 492 1765 militum
507 1721 544 1765 eo
560 1719 640 1764 anno
663 1701 819 1778 suffragiis
836 1709 1019 1773 crearentur,

52 1789 98 1848 sed
111 1791 276 1851 consulum
297 1795 533 1866 praetorumque
548 1790 578 1848 in
595 1788 633 1847 iis
649 1785 798 1847 iaciendis
813 1785 958 1845 iudicium
973 1801 1020 1842 ar·

52 1872 224 1950 bitriumque
257 1881 350 1934 esset.
383 1873 462 1934 inter
492 1879 650 1948 praetores
676 1868 718 1929 ita
742 1869 853 1944 partita
878 1867 1020 1942 imperiae

3 1999 5 2028 ζ
52 1967 221 2031 praetorem,
239 1957 326 2018 cuius
342 1973 411 2017 sors
425 1957 542 2028 luisset,
557 1963 590 2016 ut
601 1955 658 2014 iret
670 1967 731 2028 quo
745 1957 870 2011 senatus
883 1950 1019 2010 censuis-

3 2091 4 2106 .
52 2047 98 2115 set,
110 2041 311 2102 Brundisium
322 2039 362 2100 ad
374 2041 506 2101 classem
518 2039 562 2101 ire
575 2037 697 2115 placuit,
714 2042 806 2112 atque
818 2032 860 2094 ibi
869 2048 1020 2108 recogno·

52 2132 140 2185 sceret
163 2125 272 2186 socios
294 2124 433 2198 navales,
455 2122 654 2198 dimissisque
675 2119 702 2182 si
724 2119 775 2196 qui
797 2133 902 2194 pamm
917 2116 1021 2178 idonei

52 2216 154 2286 essent,
175 2209 427 2284 supplementum
440 2208 557 2282 legeret
569 2222 610 2267 ex
623 2203 779 2276 libertinis,
801 2209 831 2263 et
846 2203 932 2262 daret
946 2215 1020 2277 ope·

52 2305 119 2366 ram,
140 2301 174 2355 ut
187 2293 271 2353 duae
285 2298 389 2367 partes
405 2289 515 2352 civium
528 2291 746 2362 Romanorum,
766 2287 853 2348 tertia
867 2288 1020 2346 sociorum

3 2433 4 2454 ἶ
51 2383 133 2438 esset.
156 2382 348 2438 commeatus
371 2370 465 2434 classi
484 2375 718 2450 legionibusque
733 2378 764 2432 ut
779 2387 817 2431 ex
833 2367 936 2432 Sicilia
951 2367 1021 2427 Sar·

3 2477 5 2508 ³
53 2457 186 2538 diniaque
204 2459 462 2530 subveherentur,
485 2457 687 2534 praetoribus,
711 2455 762 2531 qui
777 2471 833 2515 eas
847 2451 1021 2528 pronuncias

3 2559 4 2576 ³
53 2543 138 2605 sortiti
154 2549 269 2617 essent,
286 2541 423 2602 mandari
439 2542 559 2618 placuit,
573 2530 608 2600 u't
622 2541 732 2600 alteras
749 2537 894 2597 decumas
910 2529 1021 2595 Siculis

3 2645 4 2674 1
53 2623 214 2704 Sardisque
229 2628 428 2702 imperarent,
448 2632 544 2701 utque
558 2623 590 2683 id
605 2623 787 2682 trumentum
802 2619 842 2678 ad
857 2615 1022 2676 exercitum

3 2725 4 2730 ¹
53 2706 78 2767 in
92 2709 303 2772 Macedoniam
324 2715 504 2785 portaretur.
535 2705 668 2768 Siciliam
691 2703 721 2764 C.
738 2701 881 2762 Caninius
894 2699 1021 2761 Rebilus

53 2801 94 2852 est
106 2793 241 2868 sortitus,
256 2793 289 2852 L.
303 2793 413 2853 Furius
427 2791 529 2852 Philus
545 2789 729 2872 Sardiniam,
739 2785 774 2849 L.
791 2785 951 2846 Canuleios
961 2783 1023 2843 Ht-

52 2881 196 2953 sponium,
220 2876 251 2937 C.
269 2876 423 2951 Sulpicius
441 2876 536 2937 Galba
551 2875 698 2935 urbanam
713 2869 967 2943 iurisdietionem,
988 2867 1021 2928 L.

54 2957 153 3022 Villius
168 2960 299 3022 Annalis
315 2960 392 3021 inter
408 2957 603 3036 peregrinos:
627 2957 658 3016 C.
673 2952 815 3016 Lucretio
831 2953 934 3028 Gallo,
958 2968 1019 3028 qao

54 3053 172 3106 senatus
188 3045 370 3124 censuisset,
387 3059 456 3104 sors
472 3041 605 3102 obvenit.

128 3127 247 3188 mn.
270 3129 352 3188 Inter
367 3127 511 3187 eonsules
527 3125 624 3200 magis
641 3123 793 3184 cavillatio
809 3134 900 3198 quam
914 3133 1024 3192 magna

55 3212 198 3272 contentio
219 3213 258 3272 de
278 3209 436 3288 provincia
457 3209 520 3269 luit.
545 3208 670 3270 Cassius
686 3203 753 3267 sine
773 3211 857 3266 sorte
873 3212 908 3264 se
922 3199 1023 3290 illace-

57 3289 171 3354 doniam
187 3301 361 3372 optaturum
377 3291 505 3366 dicebat,
528 3308 586 3352 nec
601 3307 698 3366 posse
714 3291 862 3363 collegam
878 3282 1024 3374 calvolu-

57 3375 210 3440 reiurando
225 3393 331 3438 seeum
342 3375 454 3438 sortiri.
470 3382 640 3450 praetorem
653 3379 731 3447 eum,
744 3377 783 3431 ne
793 3373 824 3430 in
838 3365 1025 3458 provinciam

58 3453 120 3532 iret,
145 3459 174 3520 in
196 3460 339 3524 contione
361 3461 481 3522 iurasse
504 3474 538 3518 se
559 3464 637 3518 stato
660 3459 729 3516 loco
748 3453 897 3523 statisque
916 3445 1025 3505 diebus
