2364 3862
199 161 420 224 nuunxnur.
443 163 527 224 cnr.
541 170 583 226 ιι.
596 173 639 226 n.
661 163 810 246 [ncne]
928 165 1025 231 201.

47 320 98 376 tun
109 323 156 374 est
177 327 318 375 censores
332 321 366 375 ut
382 328 451 374 eam
464 328 529 373 rem
543 315 732 388 adiuvarent,
748 313 791 375 ila
803 314 835 376 in
850 317 992 380 contione

46 399 187 469 edixerunt
202 399 297 472 legem
314 397 420 458 censui
436 398 591 458 censendo
608 397 745 459 dicturos
759 413 841 472 esse,
857 407 890 462 ιιι
903 417 991 476 prae

45 491 79 540 tor
93 496 237 542 commune
257 481 390 542 omnium
411 481 522 541 civium
541 481 753 542 iusiurandum
773 482 850 543 haee
871 484 992 545 adiura-

43 572 95 625 rert
113 573 158 638 „tu
178 565 276 625 minor
294 565 384 625 annis
405 579 462 624 sex
483 571 513 625 et
538 563 741 640 quadraginta
761 581 813 641 es,
836 573 932 642 tuque
953 583 993 630 ex

44 648 122 708 elicto
142 647 170 708 d.
193 648 307 710 claudii
328 648 371 706 tt.
393 646 567 724 Sempronii
592 663 756 710 censorum
782 650 823 709 ed
847 649 991 724 dilectum

42 731 170 806 prodibls;
185 741 214 792 et
229 731 485 806 quotiescumque
500 732 628 792 dilectus
640 732 705 807 erit,
720 733 867 808 quamdiu
878 734 909 794 hi
920 750 991 796 een-

44 830 109 874 soros
122 816 327 890 magistratum
341 815 505 890 habebunt,
525 815 552 877 si
566 815 654 876 miles
669 817 768 879 laetus
783 832 846 878 non
860 817 939 894 eris,
960 818 992 880 in

41 899 127 958 dleetu
144 898 329 974 prodibist“
357 898 428 957 item
444 897 517 974 quia
535 900 616 960 lama
631 906 695 959 erat
708 901 820 962 multos
835 917 876 962 ax
888 901 991 964 Maee-

42 979 133 1042 donleis
152 981 324 1058 legionibus
344 982 468 1043 incertis
490 983 709 1046 commeatibus
728 999 784 1058 per
798 984 992 1068 ambitionem

40 1064 226 1140 imperatorum
248 1065 287 1126 ab
309 1065 445 1126 exercitu
460 1067 587 1140 abesse,
607 1065 768 1128 edixerunt
787 1067 828 1128 de
846 1067 993 1130 militibus

40 1147 63 1208 l.
77 1149 153 1210 Aello
175 1150 204 1210 c.
225 1149 357 1225 Popillio
384 1150 564 1210 oonsulibus
585 1157 698 1225 postve
718 1165 773 1211 eos
795 1153 940 1214 eonsules
961 1152 990 1212 in

38 1231 220 1294 Macedoniam
235 1233 377 1308 seriptis,
397 1233 498 1310 utqui
513 1249 620 1295 eorum
632 1233 664 1292 iu
678 1233 764 1293 ltalia
778 1238 893 1307 essent,
913 1234 991 1297 intra

40 1315 88 1376 dies
106 1317 232 1394 triginta,
256 1317 343 1377 censi
358 1317 444 1392 prius
459 1318 543 1394 apud
557 1331 639 1390 sese,
661 1316 692 1376 in
707 1316 898 1392 provinciam
911 1317 990 1378 redi·

39 1408 100 1469 rents
114 1402 204 1476 quiin
220 1400 318 1478 petris
335 1408 386 1461 aut
396 1403 446 1461 atri
457 1407 608 1477 potestate
619 1407 734 1475 essent,
751 1415 857 1462 eorum
868 1402 994 1462 nomina

39 1482 67 1540 ad
78 1499 106 1544 se
118 1486 288 1546 ederentur.
311 1485 477 1546 missorum
499 1500 624 1560 qnoque
639 1499 752 1546 eausus
767 1500 839 1547 sese
853 1483 987 1560 cognitu-

39 1581 77 1626 ros
89 1582 163 1640 esse;
186 1576 217 1630 et
232 1584 365 1646 quorum
381 1577 451 1629 ante
465 1570 590 1628 emerita
603 1567 757 1644 stipendia
769 1568 908 1644 metiosa
920 1569 992 1630 mis-

40 1649 74 1710 slo
85 1651 134 1711 sibi
147 1653 212 1713 vise
228 1659 329 1727 esset,
352 1667 407 1712 eos
427 1651 538 1712 milites
557 1652 623 1712 lieri
637 1652 789 1712 iussuros.
816 1652 879 1712 hoa
892 1653 993 1712 edicto

39 1732 176 1812 litterisque
187 1751 354 1797 tensorum
367 1747 422 1810 per
433 1737 501 1796 loru
512 1744 543 1796 et
553 1734 755 1796 conciliabula
766 1734 902 1796 dimissis
910 1740 995 1796 unta

39 1819 168 1880 multitudo
183 1820 338 1882 iuniorum
351 1821 479 1880 Romam
494 1818 646 1890 convenit,
661 1824 695 1878 ut
707 1817 810 1892 gravis
822 1816 890 1876 urbi
903 1817 994 1877 turba

39 1898 134 1963 insolte
147 1911 238 1964 esset.
262 1905 329 1964 XV.
351 1909 474 1979 praeter
488 1902 631 1964 dilectum
648 1917 764 1976 eorum,
781 1916 861 1976 quos
876 1899 907 1960 in
919 1917 993 1975 sup-

39 1985 195 2057 plementum
212 1987 291 2049 mitti
306 1986 483 2062 oportebat,
510 1991 685 2061 quattuora
705 1985 735 2044 c.
752 1983 889 2059 Sulpicio
904 1999 993 2058 pree-

40 2073 87 2128 tore
96 2071 221 2148 seriptee
231 2071 375 2147 legiones
386 2077 467 2143 sunt,
478 2070 620 2145 intraque
629 2067 850 2130 undeoimdies
862 2067 993 2128 dilectus

40 2155 233 2228 supertectus.
249 2156 396 2216 eonsules
408 2152 521 2214 deinde
532 2154 630 2214 sortiti
643 2152 818 2230 provincias
829 2157 910 2212 sunt.
922 2167 993 2212 nem

41 2244 169 2306 praetores
189 2247 320 2317 propter
339 2238 580 2301 iurisdietionem
604 2235 750 2298 maturius
775 2235 873 2297 sortiti
898 2242 994 2296 erant

40 2317 129 2381 ubana
148 2323 179 2383 C.
201 2323 357 2398 Sulpicio,
379 2319 542 2398 peregrina
556 2320 588 2380 c.
603 2321 739 2383 Decimio
755 2321 919 2395 attigeram
941 2319 993 2378 lli-

41 2404 153 2476 spaniam
170 2407 211 2468 M.
235 2404 381 2468 Olaudius
400 2406 580 2478 Marcellus,
603 2403 736 2465 Siciliam
751 2402 818 2465 Ser.
834 2402 993 2464 Cornelius

40 2483 167 2565 lentulus,
183 2491 358 2552 Sardiniam
373 2490 406 2549 P.
422 2488 566 2550 Fonteius
582 2487 698 2563 capito,
719 2485 851 2547 classem
866 2485 899 2545 (l.
914 2484 993 2544 Mur-

40 2568 87 2629 tias
102 2573 222 2648 Figulus
244 2581 311 2634 erat
330 2574 465 2636 sortitus.
490 2572 650 2636 consulum
672 2571 725 2631 (ln.
746 2567 877 2631 Servilio
898 2567 992 2640 Italia,

40 2649 64 2724 Q.
80 2654 181 2718 llareio
202 2658 388 2718 Macedonia
409 2657 543 2718 obvenit.
568 2655 746 2728 Latinisque
764 2651 840 2712 actis
861 2649 995 2710 Marcius

41 2743 166 2815 extemplo
194 2750 245 2804 est
269 2743 438 2816 protentus
468 2739 621 2815 caepione
647 2735 758 2798 delude
777 2736 928 2794 referente
955 2734 993 2793 ed

41 2831 153 2883 senatum
159 2841 269 2902 ‚quas
290 2841 330 2884 ex
346 2824 435 2886 novis
448 2823 628 2899 legionibus
642 2823 721 2882 duas
738 2819 874 2894 legiones
890 2832 994 2878 seeum

41 2897 63 2960 in
75 2903 189 2968 Galliam
204 2911 345 2982 duceret,
368 2909 535 2969 deerevere
550 2915 669 3003 patres,
690 2903 769 2965 ιιι).
786 2903 940 2978 Sulpicius
955 2902 995 2962 Μ.

42 2983 158 3052 Claudius
179 2992 344 3069 praetores
362 3008 401 3052 ex
421 2992 469 3052 his
492 3006 571 3065 quas
592 2987 792 3065 scripsissent
812 2987 995 3062 legionibus,

43 3075 272 3151 qusdderetun
288 3076 536 3137 consolidarent
552 3073 676 3148 indigne
687 3073 808 3147 patiens
820 3077 996 3147 praetorum

43 3153 141 3219 arbitrio
160 3161 318 3223 eonstdem
339 3157 525 3231 subiectum,
548 3157 674 3218 dimisso
690 3163 799 3217 senatu
813 3155 854 3215 ad
867 3154 997 3218 tribuual

43 3249 191 3308 lraetomm
206 3252 293 3306 stans
307 3243 490 3321 postulavit,
508 3257 547 3303 ex
563 3248 687 3302 senatus
705 3241 846 3301 consulto
862 3237 996 3298 destina·

44 3330 94 3383 rent
111 3326 164 3388 sibl
184 3329 262 3390 duas
285 3329 433 3404 legiones.
462 3331 621 3402 praetores
645 3323 810 3386 consulis
802 3339 832 3382 m
854 3318 996 3394 eligendo

44 3405 173 3472 arbitriun
186 3414 332 3475 lecerunt.
