2364 3862
160 211 221 274 sse
315 211 430 270 umen
445 211 548 270 xliv.
572 210 654 270 can.
670 219 770 272 arm.
793 215 988 284 rau...st

242 361 320 420 XXI.
347 361 470 435 Legatis
491 360 618 433 audilis,
640 367 711 418 lunc
732 358 872 419 debello
893 359 1011 418 reterre
1025 375 1093 420 sese
1105 361 1138 421 1...

159 444 307 504 Aemilius
322 445 407 503 dixit.
442 451 568 504 senalus
584 443 729 516 decrevit,
751 451 785 502 ut
801 442 830 501 in
848 450 918 502 octo
933 441 1073 517 legiones
1087 459 1132 518 pa·

159 544 224 588 rem
238 543 397 588 numerum
408 528 597 588 tribunorum
613 526 758 586 consules
780 532 812 585 et
831 527 967 600 populus
989 535 1131 586 crearent:

160 612 258 672 creari
273 617 373 672 autem
387 610 538 670 neminem
552 626 591 670 eo
608 625 689 670 anno
711 611 834 684 placere
851 609 911 669 nisi
926 608 979 685 qui
994 609 1132 670 honorem

159 695 318 770 gessisset.
353 701 416 754 tum
430 689 469 753 e'x
485 694 627 754 omnibus
643 691 770 752 tribunis
791 692 918 753 militum
936 693 980 753 uti
994 693 1028 752 L.
1041 694 1133 752 Aemi·

159 780 218 838 lius
234 777 265 837 in
280 778 358 838 duas
376 776 514 851 legiones
536 779 566 836 ln
586 776 814 850 Macedoniam,
833 792 913 852 quos
933 791 1042 836 eorum
1061 777 1131 848 velit,

159 862 258 935 eligat,
274 867 305 920 et
317 867 350 921 ul
363 861 504 920 sollemni
516 860 690 921 Latinarum
707 861 844 934 perlecto
858 859 893 918 L.
905 859 1056 920 Aemilius
1070 875 1131 918 con-

160 946 216 1014 sul,
233 945 284 1005 Cn.
302 943 445 1004 Octavius
464 951 595 1018 praetor,
617 941 667 1002 cui
687 941 799 1002 classis
819 941 998 1017 obtigisset,
1020 943 1051 1001 in
1072 957 1130 1016 pro-

158 1027 289 1086 vinciam
304 1027 548 1103 proficiscantur.
582 1026 704 1086 additus
718 1032 766 1086 est
781 1025 829 1086 his
843 1026 950 1086 tertius
966 1025 1000 1084 L.
1015 1025 1132 1086 Anicius

158 1117 297 1186 praetor,
323 1111 409 1170 cuius
430 1111 508 1170 inter
527 1111 707 1185 peregrinos
729 1107 899 1170 iurisdictio
920 1117 1003 1169 erate
1029 1109 1132 1169 eumin

159 1195 347 1270 provinciam
361 1193 515 1272 Illyricum
538 1193 619 1255 circa
640 1193 832 1269 Lychnidum
845 1195 907 1266 Ap.
924 1192 1053 1253 Claudio
1074 1206 1133 1251 suc·

160 1279 271 1337 cedere
285 1279 406 1353 placuit.
443 1277 571 1339 dilectus
589 1291 663 1336 cura
677 1276 709 1335 o.
724 1275 840 1336 Licinio
854 1277 974 1336 consuli
990 1273 1132 1351 imposita

159 1362 185 1419 is
208 1369 325 1434 septem
343 1361 426 1420 milia
446 1359 558 1420 civium
571 1361 779 1420 Romanorum
800 1366 829 1418 el
849 1361 971 1436 equites
993 1360 1132 1419 ducentos

159 1443 295 1502 scribere
310 1443 423 1518 iussus,
439 1448 469 1502 et
482 1442 577 1503 sociis
593 1443 724 1504 nominis
738 1443 838 1502 Latini
858 1452 980 1518 septem
994 1443 1077 1502 milia
1090 1458 1131 1518 pe

160 1525 255 1584 ditum
269 1526 433 1600 imperare,
457 1526 698 1600 quadringentos
722 1526 859 1602 equites,
885 1534 916 1587 et
935 1527 988 1587 Cn.
1011 1524 1133 1586 Servilio

160 1607 286 1667 Galliam
300 1609 445 1670 obtinenti
459 1611 649 1683 provinciam
658 1610 774 1670 litteras
788 1610 915 1684 mittere,
930 1617 965 1670 ut
975 1617 1134 1670 sexcentos

159 1690 278 1766 equites
295 1692 512 1755 conscriberet
541 1693 622 1754 hunc
636 1695 804 1753 exercitum
818 1694 858 1753 ad
873 1694 1026 1768 collegam
1044 1695 1134 1768 primo

160 1790 284 1850 quoque
297 1784 436 1850 tempore
449 1776 566 1836 mittere
580 1775 611 1836 in
625 1777 839 1837 Macedoniam
853 1777 970 1838 iussus.
994 1775 1134 1852 nequein

159 1873 196 1916 ea
211 1857 369 1933 provincia
384 1861 454 1934 plus
470 1875 562 1935 quam
583 1860 662 1920 duas
683 1860 820 1934 legiones
834 1875 923 1920 esse=
944 1875 999 1920 eas
1021 1859 1134 1934 repleri,

158 1949 192 2001 ul
205 1956 281 2002 sena
295 1942 377 2002 milia
388 1943 535 2018 peditum,
553 1949 693 2004 trecenos
707 1942 857 2003 haberent
867 1943 998 2017 equites.
1024 1950 1134 2002 ceteros

159 2025 279 2097 equites
292 2026 474 2099 peditesque
485 2025 516 2084 in
529 2027 692 2100 praesidiis
704 2026 837 2102 disponi.
860 2025 913 2101 qui
925 2042 1034 2086 eorum
1042 2025 1134 2086 idonci

160 2107 199 2165 ad
214 2107 399 2168 militandum
413 2124 475 2168 non
491 2112 604 2182 essent
620 2109 735 2170 dimitti.
759 2111 865 2170 decem
887 2119 1050 2185 praeterea
1064 2109 1136 2169 milia

159 2189 295 2263 peditum
306 2191 454 2264 imperata
465 2189 569 2264 sociis,
582 2200 612 2250 el
623 2192 788 2268 octingenti
800 2193 930 2268 equites.
952 2193 983 2253 id
995 2191 1134 2268 praesidii

159 2269 294 2330 additum
315 2272 425 2333 Anicio
446 2279 569 2348 praeter
589 2275 667 2335 duas
690 2277 842 2349 legiones,
868 2293 948 2352 quas
967 2285 1093 2351 portare
1110 2277 1135 2334 in

159 2353 348 2426 provinciam
363 2364 411 2416 est
429 2355 549 2431 iussus,
577 2359 671 2433 quina
692 2360 774 2420 milia
795 2361 933 2434 peditum
953 2368 985 2419 et
1004 2362 1135 2420 ducenos

158 2436 322 2512 habentes,
343 2446 484 2503 trecenos
506 2440 635 2517 equites.
672 2450 702 2503 et
716 2442 747 2502 in
763 2445 893 2503 classem
909 2443 1051 2519 quinque
1064 2442 1137 2503 milia

159 2522 312 2583 navalium
337 2525 456 2584 socium
480 2533 553 2585 sunt
572 2528 696 2602 scripta.
732 2526 867 2587 Licinius
889 2529 1000 2587 consul
1023 2528 1135 2588 duabus

159 2605 331 2678 legionibus
347 2607 484 2668 oblinere
498 2609 686 2684 provinciam
700 2611 823 2680 iussus;
845 2627 883 2672 eo
904 2610 1023 2672 addere
1044 2612 1135 2672 socio·

40 2683 43 2688 ’
158 2704 223 2746 rum
240 2690 347 2750 decem
361 2691 442 2751 milia
459 2694 593 2768 peditum
607 2702 638 2755 el
651 2699 817 2754 sexcentos
832 2695 963 2769 equites.

242 2773 332 2833 XXII.
354 2776 650 2837 senatusconsultis
666 2778 810 2852 perlectis
821 2778 855 2836 L.
866 2777 1019 2838 Aemilius
1036 2775 1135 2839 consul

160 2870 177 2912 e
193 2855 275 2914 curia
289 2856 319 2916 in
335 2859 507 2920 contionem
521 2861 673 2934 processit
684 2861 915 2936 orationemque
925 2863 1018 2921 talem
1030 2860 1134 2921 habuit

160 2937 432 3008 „animadvertisse
452 2943 575 3016 videor,
601 2944 746 3017 Quirites,
768 2945 915 3005 maiorem
939 2945 1014 3004 mihi
1037 2943 1134 3004 sortito
1177 2979 1179 3024 3

159 3019 368 3084 Macedoniam
381 3026 569 3101 provinciam
580 3028 812 3101 gratulationem
824 3030 945 3102 iactam,
964 3045 1057 3104 quam
1073 3043 1134 3087 cunr
1177 3027 1179 3082 i

161 3110 212 3163 aut
231 3109 411 3183 compulsus
430 3110 469 3146 **
491 3113 684 3185 consulatus,
710 3120 762 3173 aut
783 3129 844 3188 quo
867 3112 918 3172 die
932 3114 1135 3186 magistratum
1177 3167 1179 3180 ἑ

159 3185 302 3260 inissem,
323 3208 424 3269 neque
444 3195 475 3255 id
495 3195 535 3255 ob
556 3193 644 3252 aliam
668 3211 792 3254 causam
816 3211 908 3271 quam
928 3196 1002 3271 quia
1016 3195 1096 3256 bello
1109 3195 1135 3251 in
1178 3193 1179 3214 ¹

159 3267 352 3348 Macedonia,
375 3279 458 3352 quod
474 3278 527 3338 diu
541 3275 674 3350 trahitur,
690 3280 888 3340 existimastIs
904 3279 1032 3354 dignum
1049 3277 1134 3336 maie

159 3359 237 3412 stole
251 3361 358 3431 populi
371 3359 501 3420 Romani
516 3360 630 3420 exitum
650 3377 706 3434 per
726 3377 774 3421 me
789 3362 904 3437 imponi
919 3378 1026 3439 posse.
1064 3362 1133 3421 deos

161 3450 284 3511 quoque
297 3441 367 3501 huic
383 3441 498 3502 lavisse
513 3441 587 3502 sorti
603 3459 704 3517 spero,
726 3445 918 3522 eosdemque
936 3446 968 3507 in
982 3447 1076 3506 rebus
1087 3457 1133 3518 ge-
