2424 3872
186 221 228 286 30
332 222 448 284 LIBER
461 221 593 282 xxxix.
615 222 696 282 chP.
711 230 812 285 anae.
834 229 915 298 [ab.
928 247 952 282 e.
967 229 1029 296 aas]

184 376 319 452 proeliis.
346 389 403 435 sex
423 382 582 449 praeterea
602 373 717 449 oppida
732 388 840 434 eorum
854 381 1056 449 expugnavrt;
1078 376 1171 436 mtrlta

185 459 266 520 milia
285 457 440 520 hominum
455 454 539 518 iniis
555 456 651 532 capita
673 457 745 516 belli
760 464 902 518 auctores
917 464 980 518 tres
995 465 1026 519 et
1039 459 1167 533 quadra·

184 541 269 619 ginta
283 541 384 604 securi
397 541 560 617 percussit.

267 627 330 686 lam
346 623 536 685 comitiorum
548 625 713 702 appetebat
723 632 855 700 tempus.
877 624 962 700 prior
972 631 1072 685 mmen
1086 626 1171 686 Clau·

185 711 254 772 dius
272 724 363 785 quam
379 707 596 784 Sempronius,
620 710 669 786 cui
685 725 756 769 sors
772 707 892 768 conaitia
907 708 1039 769 habendi
1054 709 1170 784 obtige-

183 802 238 869 rat,
252 795 381 854 Romam
394 793 487 866 venit,
503 791 575 867 quia
586 793 618 852 P.
632 792 777 854 Claudius
793 794 885 853 irater
899 791 966 853 eius
979 794 1172 854 consulatum

185 876 317 952 petebat.
351 875 567 950 competitores
588 875 723 938 habebat
742 875 887 952 patricios
907 875 941 935 L.
957 875 1121 936 Aemilium
1138 874 1169 948 Q.

182 959 309 1021 Fabium
325 957 391 1020 Ser.
407 955 575 1034 Sulpicium
593 959 728 1032 Galbam,
745 967 865 1020 veteres
881 959 1070 1032 candidatos,
1087 966 1121 1019 et
1134 957 1174 1018 ab

182 1043 316 1118 repulsis
331 1057 369 1102 eo
384 1040 482 1117 magis
497 1041 648 1118 debitum,
670 1043 743 1117 quia
758 1043 855 1118 primo
871 1051 999 1116 negatus
1015 1049 1095 1114 erat,
1118 1043 1171 1102 ho·

183 1141 288 1188 norem
309 1132 494 1202 repetentes.
525 1125 616 1188 etiam
638 1128 711 1202 quia
725 1128 795 1203 plus
811 1142 900 1202 quam
916 1143 1009 1187 unum
1024 1141 1064 1186 ex
1079 1123 1172 1201 patri·

183 1211 239 1271 ciis
260 1211 357 1272 creari
378 1226 440 1270 non
462 1208 585 1285 licebat,
607 1211 700 1271 artim
720 1211 825 1285 petitio
840 1215 983 1285 quattuor
995 1208 1174 1284 petentibus

183 1302 257 1354 erat.
280 1294 392 1369 plebeii
408 1308 532 1370 quoque
546 1293 673 1369 gratiosi
683 1294 824 1354 homines
836 1293 987 1368 petebant,
998 1293 1031 1352 L.
1043 1292 1172 1354 Porcius

183 1377 217 1451 Q.
232 1375 391 1437 Terentius
406 1377 510 1439 Culleo
526 1377 578 1437 Cn.
593 1378 727 1438 Baebius
741 1376 934 1454 Tamphilus,
955 1383 986 1437 et
998 1374 1029 1435 hi
1043 1375 1172 1451 repulsi,

182 1461 213 1520 in
229 1474 316 1535 spem
328 1461 511 1536 impetrandi
524 1461 646 1521 tandem
657 1462 822 1537 aliquando
834 1460 960 1522 honoris
972 1459 1065 1520 dilati.
1083 1459 1173 1521 clau·

183 1543 253 1603 dius
273 1559 354 1604 unus
376 1558 416 1602 cx
438 1543 580 1604 omnibus
600 1561 701 1606 novus
717 1545 897 1605 candidatus
913 1549 987 1604 erat.
1022 1543 1171 1619 opinione

181 1625 339 1688 hominum
353 1625 436 1687 haud
451 1625 544 1688 dubie
559 1627 789 1691 destinabantur
804 1629 838 1703 Q.
851 1626 964 1688 Fabius
974 1625 1079 1688 Labeo
1094 1633 1128 1688 et
1138 1627 1172 1686 L.

181 1709 309 1771 Porcius
324 1709 458 1771 Licinus.
486 1711 544 1772 scd
562 1710 706 1774 Claudius
722 1715 831 1773 consul
846 1712 913 1771 sine
927 1709 1173 1770 lictoribuscum

182 1795 275 1854 tratre
289 1801 353 1855 toto
369 1795 436 1856 loro
451 1795 618 1869 volitando,
634 1794 856 1857 clamitantibus
869 1793 1055 1856 adversariis
1067 1801 1097 1852 et
1109 1810 1173 1852 ma·

181 1876 247 1938 iore
261 1886 348 1952 parte
364 1886 489 1939 senatus
505 1880 681 1940 meminisse
695 1895 765 1940 eum
780 1879 893 1939 debere
905 1877 992 1953 prius
1007 1892 1043 1937 se
1058 1892 1171 1938 consu·

181 1963 241 2020 lern
262 1962 370 2036 populi
390 1963 519 2022 Romani
541 1979 631 2038 quam
653 1964 776 2024 tratrem
795 1961 828 2020 P.
849 1960 964 2021 Claudii
984 1975 1073 2020 esser
1096 1961 1174 2036 quin

181 2045 231 2104 ille
252 2045 366 2114 sedens
389 2061 446 2118 pro
460 2045 601 2105 tribunali
616 2053 670 2105 aut
684 2045 830 2106 arbitrum
844 2053 897 2106 aut
910 2043 1033 2104 tacitum
1048 2050 1175 2118 specta·

180 2133 276 2186 torem
307 2126 497 2188 comitiorum
524 2143 560 2187 se
588 2128 819 2202 praeberett-
836 2127 972 2188 coerceri
1000 2133 1103 2187 minen
1135 2127 1177 2186 ab

181 2207 281 2268 clluso
303 2209 404 2270 studio
426 2209 542 2284 nequit.
579 2210 697 2286 magnis
720 2209 965 2272 contentionibus
981 2209 1176 2270 tribunorum

182 2306 306 2366 qunque
327 2289 443 2365 plebei,
467 2292 519 2367 qui
540 2299 592 2352 aut
614 2301 721 2355 contra
742 2295 900 2356 consulam
921 2300 974 2353 aut
993 2309 1050 2368 pro
1067 2293 1179 2354 studio

181 2375 247 2435 eius
269 2375 461 2448 pugnabant,
484 2377 606 2436 comitia
626 2377 811 2452 aliquotiens
827 2378 961 2450 turbata,
983 2377 1083 2436 donec
1098 2392 1175 2452 per·

182 2457 252 2518 vicit
266 2457 402 2532 Appius,
425 2465 458 2518 ut
478 2461 597 2520 deiecto
611 2459 706 2520 Fabio
728 2462 850 2522 fratrem
872 2459 1012 2520 traheret.
1046 2467 1179 2526 oreatus

178 2541 210 2600 P.
239 2543 381 2603 Claudius
405 2540 535 2602 Pulcher
560 2551 683 2617 praeter
707 2559 795 2618 spem
820 2560 908 2604 suam
933 2550 962 2602 et
988 2551 1177 2604 ceterorum.

178 2629 280 2687 locum
294 2641 384 2686 suum
402 2626 539 2687 tenuitL.
551 2625 677 2687 Porcius
688 2627 822 2701 Licinus,
839 2625 911 2702 quia
925 2626 1091 2687 moderatis
1107 2635 1180 2688 stu·

179 2709 252 2783 diis,
274 2725 336 2771 non
353 2707 384 2769 vi
400 2709 566 2771 Claudiana
587 2709 665 2771 inter
684 2708 825 2785 plebeios
841 2716 988 2770 certatum
1002 2716 1057 2770 cst.
1080 2725 1179 2784 prae·

179 2798 279 2853 torum
300 2792 372 2851 inde
393 2793 515 2853 comitia
536 2799 608 2853 sunt
627 2789 745 2854 habita
774 2793 805 2854 C.
826 2791 981 2854 Decimius
1002 2792 1117 2854 Flavus
1140 2793 1178 2852 P.

179 2873 1180 2951 SemproniusLongusP.corneliusCethegusQ.NaeviusMatho

178 2957 209 3020 0.
224 2957 424 3033 Sempronius
436 2958 565 3018 Blaesus
577 2960 614 3019 Α.
626 2959 785 3021 Terentius
797 2961 898 3020 Varro
911 2966 1068 3035 praetores
1085 2960 1179 3020 iacti.

177 3041 254 3100 hacc
269 3055 307 3101 eo
324 3056 414 3114 anno,
431 3058 492 3116 quo
506 3043 567 3116 Ap.
584 3043 728 3104 claudius
743 3044 784 3104 Μ.
801 3043 1003 3119 Sempronius
1020 3045 1183 3104 consules

177 3126 307 3198 luerunt,
324 3123 406 3184 domi
421 3125 607 3202 militiaeque
622 3134 717 3200 gesta.

260 3206 392 3268 XXXIII.
415 3208 567 3284 Principio
593 3210 784 3285 insequentis
809 3209 881 3269 anni
904 3209 936 3269 P.
964 3208 1110 3270 Claudius
1134 3209 1182 3270 L.

176 3291 303 3352 Porcius
326 3293 485 3364 consules,
507 3308 576 3352 oum
599 3292 632 3366 Q.
649 3291 799 3354 Caecilius
813 3293 853 3352 M.
868 3293 1003 3354 Baebius
1018 3293 1061 3352 Ti.
1078 3290 1183 3352 Sem·

178 3376 321 3450 pronius,
343 3374 394 3448 qui
416 3375 455 3434 ad
477 3373 711 3451 disceptandum
730 3376 807 3437 inter
819 3375 992 3452 Philippum
1009 3383 1038 3436 ct
1054 3375 1183 3436 Eume·

177 3473 246 3517 nem
266 3473 356 3535 reges
370 3457 649 3535 Thessalorumque
664 3459 800 3521 civitates
815 3460 902 3520 missi
917 3466 1017 3531 erant,
1039 3458 1187 3532 legatio-
