<?xml version="1.0" encoding="UTF-8"?>
<!DOCTYPE html PUBLIC "-//W3C//DTD XHTML 1.0 Transitional//EN"
    "http://www.w3.org/TR/xhtml1/DTD/xhtml1-transitional.dtd">
<html xmlns="http://www.w3.org/1999/xhtml" xml:lang="en" lang="en">
 <head>
  <title>
</title>
<meta http-equiv="Content-Type" content="text/html;charset=utf-8" />
  <meta name='ocr-system' content='tesseract 3.04.00' />
  <meta name='ocr-capabilities' content='ocr_page ocr_carea ocr_par ocr_line ocrx_word'/>
</head>
<body>
  <div class='ocr_page' id='page_1' title='image "./titiliviaburbec01livygoog_0041.png"; bbox 0 0 2424 3872; ppageno 0'>
   <div class='ocr_carea' id='block_1_1' title="bbox 10 1163 12 1190">
    <p class='ocr_par' dir='ltr' id='par_1_1' title="bbox 10 1163 12 1190">
     <span class='ocr_line' id='line_1_1' title="bbox 10 1163 12 1190; baseline 0 0"><span class='ocrx_word' id='word_1_1' title='bbox 10 1163 12 1190; x_wconf 86' lang='lat' dir='ltr'>l</span> 
     </span>
    </p>
   </div>
   <div class='ocr_carea' id='block_1_2' title="bbox 10 1233 13 1378">
    <p class='ocr_par' dir='ltr' id='par_1_2' title="bbox 10 1233 13 1378">
     <span class='ocr_line' id='line_1_2' title="bbox 10 1233 13 1378; baseline 0 0"><span class='ocrx_word' id='word_1_2' title='bbox 10 1233 13 1378; x_wconf 89' lang='lat' dir='ltr'>l</span> 
     </span>
    </p>
   </div>
   <div class='ocr_carea' id='block_1_3' title="bbox 239 193 1061 278">
    <p class='ocr_par' dir='ltr' id='par_1_3' title="bbox 239 193 1061 278">
     <span class='ocr_line' id='line_1_3' title="bbox 239 193 1061 278; baseline 0.013 -25"><span class='ocrx_word' id='word_1_3' title='bbox 239 193 354 254; x_wconf 77' lang='lat' dir='ltr'>LIBER</span> <span class='ocrx_word' id='word_1_4' title='bbox 367 194 498 254; x_wconf 79' lang='lat' dir='ltr'>xxxlx.</span> <span class='ocrx_word' id='word_1_5' title='bbox 523 195 605 254; x_wconf 80' lang='lat' dir='ltr'>cAP.</span> <span class='ocrx_word' id='word_1_6' title='bbox 622 205 664 258; x_wconf 79' lang='lat' dir='ltr'>rr.</span> <span class='ocrx_word' id='word_1_7' title='bbox 678 206 720 258; x_wconf 85' lang='lat' dir='ltr'>rs.</span> <span class='ocrx_word' id='word_1_8' title='bbox 744 204 780 271; x_wconf 81' lang='grc' dir='ltr'>[ι.</span> <span class='ocrx_word' id='word_1_9' title='bbox 793 204 825 258; x_wconf 89' lang='lat' dir='ltr'>c.</span> <span class='ocrx_word' id='word_1_10' title='bbox 840 201 900 278; x_wconf 82' lang='lat' dir='ltr'>rec]</span> <span class='ocrx_word' id='word_1_11' title='bbox 1020 199 1061 264; x_wconf 84' lang='lat' dir='ltr'>la</span> 
     </span>
    </p>
   </div>
   <div class='ocr_carea' id='block_1_4' title="bbox 79 345 1061 1340">
    <p class='ocr_par' dir='ltr' id='par_1_4' title="bbox 80 345 1061 675">
     <span class='ocr_line' id='line_1_4' title="bbox 83 345 1059 427; baseline 0.005 -20"><span class='ocrx_word' id='word_1_12' title='bbox 83 345 262 422; x_wconf 76' lang='lat' dir='ltr'>capitalibus</span> <span class='ocrx_word' id='word_1_13' title='bbox 279 346 458 406; x_wconf 87' lang='lat' dir='ltr'>mandatum</span> <span class='ocrx_word' id='word_1_14' title='bbox 474 354 529 418; x_wconf 90' lang='lat' dir='ltr'>est,</span> <span class='ocrx_word' id='word_1_15' title='bbox 543 352 577 406; x_wconf 92' lang='lat' dir='ltr'>ut</span> <span class='ocrx_word' id='word_1_16' title='bbox 590 345 710 421; x_wconf 82' lang='lat' dir='ltr'>vigilias</span> <span class='ocrx_word' id='word_1_17' title='bbox 726 348 925 423; x_wconf 77' lang='lat' dir='ltr'><strong>disponerent</strong></span> <span class='ocrx_word' id='word_1_18' title='bbox 939 366 996 427; x_wconf 89' lang='lat' dir='ltr'>per</span> <span class='ocrx_word' id='word_1_19' title='bbox 1011 369 1059 412; x_wconf 93' lang='lat' dir='ltr'>ur·</span> 
     </span>
     <span class='ocr_line' id='line_1_5' title="bbox 83 430 1061 511; baseline 0.007 -21"><span class='ocrx_word' id='word_1_20' title='bbox 83 431 147 490; x_wconf 90' lang='lat' dir='ltr'>bem</span> <span class='ocrx_word' id='word_1_21' title='bbox 162 438 400 505; x_wconf 89' lang='lat' dir='ltr'>servarentque,</span> <span class='ocrx_word' id='word_1_22' title='bbox 421 445 460 489; x_wconf 92' lang='lat' dir='ltr'>ue</span> <span class='ocrx_word' id='word_1_23' title='bbox 476 430 528 504; x_wconf 93' lang='lat' dir='ltr'>qui</span> <span class='ocrx_word' id='word_1_24' title='bbox 542 432 682 492; x_wconf 78' lang='lat' dir='ltr'><strong>nocturni</strong></span> <span class='ocrx_word' id='word_1_25' title='bbox 698 438 805 492; x_wconf 89' lang='lat' dir='ltr'>coelus</span> <span class='ocrx_word' id='word_1_26' title='bbox 820 432 943 503; x_wconf 64' lang='lat' dir='ltr'>bereum</span> <span class='ocrx_word' id='word_1_27' title='bbox 968 442 1061 511; x_wconf 87' lang='lat' dir='ltr'>utque</span> 
     </span>
     <span class='ocr_line' id='line_1_6' title="bbox 80 513 1061 593; baseline 0.007 -20"><span class='ocrx_word' id='word_1_28' title='bbox 80 514 117 574; x_wconf 89' lang='lat' dir='ltr'>ab</span> <span class='ocrx_word' id='word_1_29' title='bbox 137 513 290 573; x_wconf 90' lang='lat' dir='ltr'>incendiis</span> <span class='ocrx_word' id='word_1_30' title='bbox 312 521 486 585; x_wconf 86' lang='lat' dir='ltr'>caveretur,</span> <span class='ocrx_word' id='word_1_31' title='bbox 510 513 665 576; x_wconf 91' lang='lat' dir='ltr'>adiutores</span> <span class='ocrx_word' id='word_1_32' title='bbox 686 516 851 576; x_wconf 88' lang='lat' dir='ltr'>triumviris</span> <span class='ocrx_word' id='word_1_33' title='bbox 868 516 1061 593; x_wconf 89' lang='lat' dir='ltr'>quinqueviri</span> 
     </span>
     <span class='ocr_line' id='line_1_7' title="bbox 81 595 1060 675; baseline 0.002 -17"><span class='ocrx_word' id='word_1_34' title='bbox 81 597 121 658; x_wconf 89' lang='lat' dir='ltr'>uti</span> <span class='ocrx_word' id='word_1_35' title='bbox 132 595 317 657; x_wconf 88' lang='lat' dir='ltr'>cisTiberim</span> <span class='ocrx_word' id='word_1_36' title='bbox 329 611 403 657; x_wconf 90' lang='lat' dir='ltr'>suae</span> <span class='ocrx_word' id='word_1_37' title='bbox 414 596 548 671; x_wconf 91' lang='lat' dir='ltr'>quisque</span> <span class='ocrx_word' id='word_1_38' title='bbox 562 598 696 674; x_wconf 84' lang='lat' dir='ltr'>regionis</span> <span class='ocrx_word' id='word_1_39' title='bbox 707 599 857 660; x_wconf 83' lang='lat' dir='ltr'>aedificiis</span> <span class='ocrx_word' id='word_1_40' title='bbox 869 612 1060 675; x_wconf 88' lang='lat' dir='ltr'>praeessent.</span> 
     </span>
    </p>

    <p class='ocr_par' dir='ltr' id='par_1_5' title="bbox 79 680 1061 1340">
     <span class='ocr_line' id='line_1_8' title="bbox 159 680 1060 758; baseline 0.008 -18"><span class='ocrx_word' id='word_1_41' title='bbox 159 681 227 740; x_wconf 92' lang='lat' dir='ltr'>XV.</span> <span class='ocrx_word' id='word_1_42' title='bbox 249 681 300 740; x_wconf 82' lang='lat' dir='ltr'>Ad</span> <span class='ocrx_word' id='word_1_43' title='bbox 313 680 390 740; x_wconf 88' lang='lat' dir='ltr'>haec</span> <span class='ocrx_word' id='word_1_44' title='bbox 405 681 508 741; x_wconf 80' lang='lat' dir='ltr'>officia</span> <span class='ocrx_word' id='word_1_45' title='bbox 522 681 657 744; x_wconf 85' lang='lat' dir='ltr'>dimissis</span> <span class='ocrx_word' id='word_1_46' title='bbox 672 681 900 758; x_wconf 83' lang='lat' dir='ltr'>magistratibus</span> <span class='ocrx_word' id='word_1_47' title='bbox 916 686 1060 746; x_wconf 88' lang='lat' dir='ltr'>consules</span> 
     </span>
     <span class='ocr_line' id='line_1_9' title="bbox 81 765 1061 838; baseline 0.004 -14"><span class='ocrx_word' id='word_1_48' title='bbox 81 765 110 824; x_wconf 89' lang='lat' dir='ltr'>in</span> <span class='ocrx_word' id='word_1_49' title='bbox 119 765 234 825; x_wconf 86' lang='lat' dir='ltr'>Rostra</span> <span class='ocrx_word' id='word_1_50' title='bbox 244 765 459 838; x_wconf 76' lang='lat' dir='ltr'>escenderunt,</span> <span class='ocrx_word' id='word_1_51' title='bbox 474 767 658 826; x_wconf 82' lang='lat' dir='ltr'>elocutione</span> <span class='ocrx_word' id='word_1_52' title='bbox 670 766 820 828; x_wconf 86' lang='lat' dir='ltr'>advocata</span> <span class='ocrx_word' id='word_1_53' title='bbox 832 782 900 828; x_wconf 92' lang='lat' dir='ltr'>cum</span> <span class='ocrx_word' id='word_1_54' title='bbox 912 768 1061 828; x_wconf 88' lang='lat' dir='ltr'>sollemne</span> 
     </span>
     <span class='ocr_line' id='line_1_10' title="bbox 80 847 1060 928; baseline 0.005 -20"><span class='ocrx_word' id='word_1_55' title='bbox 80 863 200 908; x_wconf 88' lang='lat' dir='ltr'>carmen</span> <span class='ocrx_word' id='word_1_56' title='bbox 222 847 424 922; x_wconf 78' lang='lat' dir='ltr'>precationis,</span> <span class='ocrx_word' id='word_1_57' title='bbox 446 848 532 923; x_wconf 92' lang='lat' dir='ltr'>quod</span> <span class='ocrx_word' id='word_1_58' title='bbox 548 850 695 924; x_wconf 82' lang='lat' dir='ltr'>praeteri,</span> <span class='ocrx_word' id='word_1_59' title='bbox 718 851 896 926; x_wconf 83' lang='lat' dir='ltr'>priusquam</span> <span class='ocrx_word' id='word_1_60' title='bbox 910 853 1060 928; x_wconf 87' lang='lat' dir='ltr'>populum</span> 
     </span>
     <span class='ocr_line' id='line_1_11' title="bbox 79 930 1060 1010; baseline 0.006 -20"><span class='ocrx_word' id='word_1_61' title='bbox 79 932 298 1005; x_wconf 81' lang='lat' dir='ltr'>adloquantur,</span> <span class='ocrx_word' id='word_1_62' title='bbox 326 930 521 1006; x_wconf 78' lang='lat' dir='ltr'>magistratus</span> <span class='ocrx_word' id='word_1_63' title='bbox 543 935 651 1008; x_wconf 90' lang='lat' dir='ltr'>solent,</span> <span class='ocrx_word' id='word_1_64' title='bbox 677 934 849 1009; x_wconf 83' lang='lat' dir='ltr'>peregisset</span> <span class='ocrx_word' id='word_1_65' title='bbox 870 936 993 1010; x_wconf 90' lang='lat' dir='ltr'>consul,</span> <span class='ocrx_word' id='word_1_66' title='bbox 1018 935 1060 996; x_wconf 87' lang='lat' dir='ltr'>itu</span> 
     </span>
     <span class='ocr_line' id='line_1_12' title="bbox 80 1013 1059 1090; baseline 0.005 -15"><span class='ocrx_word' id='word_1_67' title='bbox 80 1015 188 1090; x_wconf 90' lang='lat' dir='ltr'>coepit</span> <span class='ocrx_word' id='word_1_68' title='bbox 215 1013 311 1089; x_wconf 91' lang='lat' dir='ltr'>„nulli</span> <span class='ocrx_word' id='word_1_69' title='bbox 327 1029 471 1089; x_wconf 89' lang='lat' dir='ltr'>umquam</span> <span class='ocrx_word' id='word_1_70' title='bbox 489 1015 633 1088; x_wconf 89' lang='lat' dir='ltr'>contioni,</span> <span class='ocrx_word' id='word_1_71' title='bbox 649 1016 787 1090; x_wconf 85' lang='lat' dir='ltr'>Quirites,</span> <span class='ocrx_word' id='word_1_72' title='bbox 802 1024 864 1078; x_wconf 85' lang='lat' dir='ltr'>tam</span> <span class='ocrx_word' id='word_1_73' title='bbox 881 1034 942 1080; x_wconf 92' lang='lat' dir='ltr'>non</span> <span class='ocrx_word' id='word_1_74' title='bbox 959 1019 1059 1080; x_wconf 89' lang='lat' dir='ltr'>solum</span> 
     </span>
     <span class='ocr_line' id='line_1_13' title="bbox 79 1097 1058 1172; baseline 0.004 -15"><span class='ocrx_word' id='word_1_75' title='bbox 79 1105 148 1172; x_wconf 82' lang='lat' dir='ltr'>apta</span> <span class='ocrx_word' id='word_1_76' title='bbox 163 1099 220 1158; x_wconf 90' lang='lat' dir='ltr'>sed</span> <span class='ocrx_word' id='word_1_77' title='bbox 243 1099 332 1158; x_wconf 87' lang='lat' dir='ltr'>etiam</span> <span class='ocrx_word' id='word_1_78' title='bbox 353 1097 531 1160; x_wconf 88' lang='lat' dir='ltr'>necessaria</span> <span class='ocrx_word' id='word_1_79' title='bbox 551 1099 629 1159; x_wconf 90' lang='lat' dir='ltr'>haec</span> <span class='ocrx_word' id='word_1_80' title='bbox 649 1101 806 1160; x_wconf 90' lang='lat' dir='ltr'>sollemnis</span> <span class='ocrx_word' id='word_1_81' title='bbox 827 1100 955 1161; x_wconf 88' lang='lat' dir='ltr'>deorum</span> <span class='ocrx_word' id='word_1_82' title='bbox 976 1116 1058 1163; x_wconf 89' lang='lat' dir='ltr'>corn-</span> 
     </span>
     <span class='ocr_line' id='line_1_14' title="bbox 80 1180 1057 1258; baseline 0.004 -18"><span class='ocrx_word' id='word_1_83' title='bbox 80 1180 214 1256; x_wconf 88' lang='lat' dir='ltr'>precatio</span> <span class='ocrx_word' id='word_1_84' title='bbox 237 1182 307 1254; x_wconf 89' lang='lat' dir='ltr'>luit,</span> <span class='ocrx_word' id='word_1_85' title='bbox 329 1195 409 1256; x_wconf 89' lang='lat' dir='ltr'>quae</span> <span class='ocrx_word' id='word_1_86' title='bbox 429 1197 487 1242; x_wconf 91' lang='lat' dir='ltr'>vos</span> <span class='ocrx_word' id='word_1_87' title='bbox 509 1181 686 1242; x_wconf 90' lang='lat' dir='ltr'>admoneret</span> <span class='ocrx_word' id='word_1_88' title='bbox 706 1183 765 1243; x_wconf 93' lang='lat' dir='ltr'>hos</span> <span class='ocrx_word' id='word_1_89' title='bbox 780 1198 851 1243; x_wconf 90' lang='lat' dir='ltr'>esse</span> <span class='ocrx_word' id='word_1_90' title='bbox 865 1183 959 1254; x_wconf 91' lang='lat' dir='ltr'>deos,</span> <span class='ocrx_word' id='word_1_91' title='bbox 978 1200 1057 1258; x_wconf 93' lang='lat' dir='ltr'>quos</span> 
     </span>
     <span class='ocr_line' id='line_1_15' title="bbox 85 1263 1057 1340; baseline 0.002 -15"><span class='ocrx_word' id='word_1_92' title='bbox 85 1266 180 1326; x_wconf 89' lang='lat' dir='ltr'>colere</span> <span class='ocrx_word' id='word_1_93' title='bbox 204 1263 349 1325; x_wconf 87' lang='lat' dir='ltr'>venerari</span> <span class='ocrx_word' id='word_1_94' title='bbox 373 1264 557 1340; x_wconf 89' lang='lat' dir='ltr'>precarique</span> <span class='ocrx_word' id='word_1_95' title='bbox 581 1266 713 1326; x_wconf 90' lang='lat' dir='ltr'>maiores</span> <span class='ocrx_word' id='word_1_96' title='bbox 735 1266 828 1327; x_wconf 89' lang='lat' dir='ltr'>vestri</span> <span class='ocrx_word' id='word_1_97' title='bbox 847 1265 1057 1340; x_wconf 86' lang='lat' dir='ltr'>instituissent,</span> 
     </span>
    </p>
   </div>
   <div class='ocr_carea' id='block_1_5' title="bbox 10 1347 1057 1426">
    <p class='ocr_par' dir='ltr' id='par_1_6' title="bbox 10 1347 1057 1426">
     <span class='ocr_line' id='line_1_16' title="bbox 10 1347 1057 1426; baseline 0.003 -18"><span class='ocrx_word' id='word_1_98' title='bbox 10 1379 12 1426; x_wconf 54' lang='lat' dir='ltr'><strong><em>g</em></strong></span> <span class='ocrx_word' id='word_1_99' title='bbox 80 1365 140 1408; x_wconf 90' lang='lat' dir='ltr'>non</span> <span class='ocrx_word' id='word_1_100' title='bbox 155 1347 225 1409; x_wconf 89' lang='lat' dir='ltr'>illos</span> <span class='ocrx_word' id='word_1_101' title='bbox 241 1347 296 1422; x_wconf 90' lang='lat' dir='ltr'>qui</span> <span class='ocrx_word' id='word_1_102' title='bbox 300 1349 411 1426; x_wconf 77' lang='lat' dir='ltr'>pravis</span> <span class='ocrx_word' id='word_1_103' title='bbox 423 1355 455 1408; x_wconf 92' lang='lat' dir='ltr'>et</span> <span class='ocrx_word' id='word_1_104' title='bbox 464 1349 600 1424; x_wconf 72' lang='lat' dir='ltr'>extemis</span> <span class='ocrx_word' id='word_1_105' title='bbox 610 1347 809 1425; x_wconf 69' lang='lat' dir='ltr'>religionibus</span> <span class='ocrx_word' id='word_1_106' title='bbox 823 1357 929 1426; x_wconf 87' lang='lat' dir='ltr'>captas</span> <span class='ocrx_word' id='word_1_107' title='bbox 941 1357 1057 1411; x_wconf 90' lang='lat' dir='ltr'>mentes</span> 
     </span>
    </p>
   </div>
   <div class='ocr_carea' id='block_1_6' title="bbox 10 1427 1058 1494">
    <p class='ocr_par' dir='ltr' id='par_1_7' title="bbox 10 1427 1058 1494">
     <span class='ocr_line' id='line_1_17' title="bbox 10 1427 1058 1494; baseline 0.006 -6"><span class='ocrx_word' id='word_1_108' title='bbox 10 1427 12 1488; x_wconf 72' lang='lat' dir='ltr'>i</span> <span class='ocrx_word' id='word_1_109' title='bbox 81 1434 160 1492; x_wconf 89' lang='lat' dir='ltr'>velut</span> <span class='ocrx_word' id='word_1_110' title='bbox 173 1429 334 1494; x_wconf 80' lang='lat' dir='ltr'>furialibus</span> <span class='ocrx_word' id='word_1_111' title='bbox 349 1429 479 1492; x_wconf 90' lang='lat' dir='ltr'>stimulis</span> <span class='ocrx_word' id='word_1_112' title='bbox 495 1433 534 1491; x_wconf 90' lang='lat' dir='ltr'>ad</span> <span class='ocrx_word' id='word_1_113' title='bbox 550 1449 639 1493; x_wconf 91' lang='lat' dir='ltr'>omne</span> <span class='ocrx_word' id='word_1_114' title='bbox 651 1434 753 1494; x_wconf 93' lang='lat' dir='ltr'>scelus</span> <span class='ocrx_word' id='word_1_115' title='bbox 767 1440 797 1494; x_wconf 89' lang='lat' dir='ltr'>et</span> <span class='ocrx_word' id='word_1_116' title='bbox 808 1435 848 1494; x_wconf 86' lang='lat' dir='ltr'>ad</span> <span class='ocrx_word' id='word_1_117' title='bbox 862 1449 982 1494; x_wconf 90' lang='lat' dir='ltr'>omnem</span> <span class='ocrx_word' id='word_1_118' title='bbox 993 1435 1058 1494; x_wconf 90' lang='lat' dir='ltr'>libi-</span> 
     </span>
    </p>
   </div>
   <div class='ocr_carea' id='block_1_7' title="bbox 77 1513 1059 2090">
    <p class='ocr_par' dir='ltr' id='par_1_8' title="bbox 77 1513 1059 2090">
     <span class='ocr_line' id='line_1_18' title="bbox 79 1513 1058 1593; baseline 0.005 -19"><span class='ocrx_word' id='word_1_119' title='bbox 79 1513 177 1574; x_wconf 90' lang='lat' dir='ltr'>diuem</span> <span class='ocrx_word' id='word_1_120' title='bbox 199 1521 337 1590; x_wconf 81' lang='lat' dir='ltr'>agerent.</span> <span class='ocrx_word' id='word_1_121' title='bbox 367 1514 510 1588; x_wconf 85' lang='lat' dir='ltr'>equidem</span> <span class='ocrx_word' id='word_1_122' title='bbox 530 1532 588 1576; x_wconf 88' lang='lat' dir='ltr'>nac</span> <span class='ocrx_word' id='word_1_123' title='bbox 612 1515 685 1591; x_wconf 91' lang='lat' dir='ltr'>quid</span> <span class='ocrx_word' id='word_1_124' title='bbox 700 1524 819 1577; x_wconf 88' lang='lat' dir='ltr'>taceam</span> <span class='ocrx_word' id='word_1_125' title='bbox 834 1533 892 1579; x_wconf 89' lang='lat' dir='ltr'>nec</span> <span class='ocrx_word' id='word_1_126' title='bbox 908 1523 1058 1593; x_wconf 88' lang='lat' dir='ltr'>quatenus</span> 
     </span>
     <span class='ocr_line' id='line_1_19' title="bbox 80 1595 1058 1676; baseline 0.003 -19"><span class='ocrx_word' id='word_1_127' title='bbox 80 1599 245 1674; x_wconf 92' lang='lat' dir='ltr'>proloquar</span> <span class='ocrx_word' id='word_1_128' title='bbox 258 1595 394 1658; x_wconf 85' lang='lat' dir='ltr'>invenio.</span> <span class='ocrx_word' id='word_1_129' title='bbox 416 1599 442 1658; x_wconf 89' lang='lat' dir='ltr'>si</span> <span class='ocrx_word' id='word_1_130' title='bbox 458 1598 573 1674; x_wconf 90' lang='lat' dir='ltr'>aliquid</span> <span class='ocrx_word' id='word_1_131' title='bbox 587 1599 776 1674; x_wconf 80' lang='lat' dir='ltr'>ignorabitis,</span> <span class='ocrx_word' id='word_1_132' title='bbox 792 1616 831 1661; x_wconf 89' lang='lat' dir='ltr'>ne</span> <span class='ocrx_word' id='word_1_133' title='bbox 842 1603 943 1662; x_wconf 91' lang='lat' dir='ltr'>locum</span> <span class='ocrx_word' id='word_1_134' title='bbox 955 1601 1058 1676; x_wconf 82' lang='lat' dir='ltr'>negle-</span> 
     </span>
     <span class='ocr_line' id='line_1_20' title="bbox 77 1681 1058 1758; baseline 0.002 -18"><span class='ocrx_word' id='word_1_135' title='bbox 77 1682 195 1756; x_wconf 83' lang='lat' dir='ltr'>gentiae</span> <span class='ocrx_word' id='word_1_136' title='bbox 210 1681 291 1755; x_wconf 91' lang='lat' dir='ltr'>dem,</span> <span class='ocrx_word' id='word_1_137' title='bbox 307 1683 333 1741; x_wconf 91' lang='lat' dir='ltr'>si</span> <span class='ocrx_word' id='word_1_138' title='bbox 347 1681 449 1742; x_wconf 90' lang='lat' dir='ltr'>omnia</span> <span class='ocrx_word' id='word_1_139' title='bbox 459 1683 626 1758; x_wconf 88' lang='lat' dir='ltr'>nudavere,</span> <span class='ocrx_word' id='word_1_140' title='bbox 641 1698 680 1742; x_wconf 89' lang='lat' dir='ltr'>ne</span> <span class='ocrx_word' id='word_1_141' title='bbox 691 1684 813 1743; x_wconf 91' lang='lat' dir='ltr'>nimium</span> <span class='ocrx_word' id='word_1_142' title='bbox 825 1685 949 1744; x_wconf 91' lang='lat' dir='ltr'>terroris</span> <span class='ocrx_word' id='word_1_143' title='bbox 961 1683 1058 1745; x_wconf 83' lang='lat' dir='ltr'>offun-</span> 
     </span>
     <span class='ocr_line' id='line_1_21' title="bbox 79 1764 1058 1842; baseline 0.002 -19"><span class='ocrx_word' id='word_1_144' title='bbox 79 1765 145 1824; x_wconf 89' lang='lat' dir='ltr'>dam</span> <span class='ocrx_word' id='word_1_145' title='bbox 165 1765 275 1837; x_wconf 89' lang='lat' dir='ltr'>vobis,</span> <span class='ocrx_word' id='word_1_146' title='bbox 295 1779 414 1824; x_wconf 90' lang='lat' dir='ltr'>vereor.</span> <span class='ocrx_word' id='word_1_147' title='bbox 452 1765 603 1841; x_wconf 92' lang='lat' dir='ltr'>quidquid</span> <span class='ocrx_word' id='word_1_148' title='bbox 623 1764 744 1838; x_wconf 89' lang='lat' dir='ltr'>dixero,</span> <span class='ocrx_word' id='word_1_149' title='bbox 767 1765 867 1827; x_wconf 92' lang='lat' dir='ltr'>minus</span> <span class='ocrx_word' id='word_1_150' title='bbox 889 1782 980 1842; x_wconf 90' lang='lat' dir='ltr'>quam</span> <span class='ocrx_word' id='word_1_151' title='bbox 1002 1783 1058 1841; x_wconf 90' lang='lat' dir='ltr'>pro</span> 
     </span>
     <span class='ocr_line' id='line_1_22' title="bbox 80 1845 1058 1922; baseline -0.001 -16"><span class='ocrx_word' id='word_1_152' title='bbox 80 1848 235 1910; x_wconf 81' lang='lat' dir='ltr'>atrocitate</span> <span class='ocrx_word' id='word_1_153' title='bbox 255 1854 286 1907; x_wconf 90' lang='lat' dir='ltr'>et</span> <span class='ocrx_word' id='word_1_154' title='bbox 303 1847 510 1922; x_wconf 79' lang='lat' dir='ltr'>magnitudine</span> <span class='ocrx_word' id='word_1_155' title='bbox 529 1848 575 1906; x_wconf 91' lang='lat' dir='ltr'>rei</span> <span class='ocrx_word' id='word_1_156' title='bbox 596 1845 709 1907; x_wconf 90' lang='lat' dir='ltr'>dictum</span> <span class='ocrx_word' id='word_1_157' title='bbox 730 1849 839 1908; x_wconf 89' lang='lat' dir='ltr'>scitote</span> <span class='ocrx_word' id='word_1_158' title='bbox 857 1863 943 1908; x_wconf 81' lang='lat' dir='ltr'>esse:</span> <span class='ocrx_word' id='word_1_159' title='bbox 972 1857 1006 1908; x_wconf 92' lang='lat' dir='ltr'>ut</span> <span class='ocrx_word' id='word_1_160' title='bbox 1020 1848 1058 1908; x_wconf 92' lang='lat' dir='ltr'>ad</span> 
     </span>
     <span class='ocr_line' id='line_1_23' title="bbox 78 1929 1059 2004; baseline -0.003 -13"><span class='ocrx_word' id='word_1_161' title='bbox 78 1935 249 1993; x_wconf 86' lang='lat' dir='ltr'>cavendum</span> <span class='ocrx_word' id='word_1_162' title='bbox 270 1932 345 1992; x_wconf 92' lang='lat' dir='ltr'>satis</span> <span class='ocrx_word' id='word_1_163' title='bbox 366 1932 418 2002; x_wconf 87' lang='lat' dir='ltr'>sit,</span> <span class='ocrx_word' id='word_1_164' title='bbox 442 1930 564 1991; x_wconf 91' lang='lat' dir='ltr'>dabitur</span> <span class='ocrx_word' id='word_1_165' title='bbox 578 1945 675 2004; x_wconf 89' lang='lat' dir='ltr'>opera</span> <span class='ocrx_word' id='word_1_166' title='bbox 689 1947 708 1989; x_wconf 91' lang='lat' dir='ltr'>a</span> <span class='ocrx_word' id='word_1_167' title='bbox 722 1929 823 1989; x_wconf 91' lang='lat' dir='ltr'>nobis.</span> <span class='ocrx_word' id='word_1_168' title='bbox 855 1930 1059 1990; x_wconf 78' lang='lat' dir='ltr'>Bacchanalia</span> 
     </span>
     <span class='ocr_line' id='line_1_24' title="bbox 78 2012 1057 2090; baseline -0.001 -16"><span class='ocrx_word' id='word_1_169' title='bbox 78 2023 137 2076; x_wconf 90' lang='lat' dir='ltr'>tota</span> <span class='ocrx_word' id='word_1_170' title='bbox 161 2017 223 2075; x_wconf 90' lang='lat' dir='ltr'>iam</span> <span class='ocrx_word' id='word_1_171' title='bbox 244 2013 363 2090; x_wconf 88' lang='lat' dir='ltr'>pridem</span> <span class='ocrx_word' id='word_1_172' title='bbox 383 2014 469 2074; x_wconf 89' lang='lat' dir='ltr'>ltalia</span> <span class='ocrx_word' id='word_1_173' title='bbox 490 2021 520 2074; x_wconf 90' lang='lat' dir='ltr'>et</span> <span class='ocrx_word' id='word_1_174' title='bbox 539 2027 621 2074; x_wconf 90' lang='lat' dir='ltr'>nunc</span> <span class='ocrx_word' id='word_1_175' title='bbox 641 2029 698 2088; x_wconf 90' lang='lat' dir='ltr'>per</span> <span class='ocrx_word' id='word_1_176' title='bbox 717 2012 824 2073; x_wconf 89' lang='lat' dir='ltr'>urbem</span> <span class='ocrx_word' id='word_1_177' title='bbox 847 2015 934 2074; x_wconf 89' lang='lat' dir='ltr'>etiam</span> <span class='ocrx_word' id='word_1_178' title='bbox 956 2013 1057 2073; x_wconf 92' lang='lat' dir='ltr'>multis</span> 
     </span>
    </p>
   </div>
   <div class='ocr_carea' id='block_1_8' title="bbox 10 2097 1057 2172">
    <p class='ocr_par' dir='ltr' id='par_1_9' title="bbox 10 2097 1057 2172">
     <span class='ocr_line' id='line_1_25' title="bbox 10 2097 1057 2172; baseline 0.003 -18"><span class='ocrx_word' id='word_1_179' title='bbox 10 2149 11 2154; x_wconf 73' lang='grc'>,</span> <span class='ocrx_word' id='word_1_180' title='bbox 76 2099 151 2160; x_wconf 91' lang='lat' dir='ltr'>locis</span> <span class='ocrx_word' id='word_1_181' title='bbox 172 2113 262 2172; x_wconf 89' lang='lat' dir='ltr'>esse,</span> <span class='ocrx_word' id='word_1_182' title='bbox 282 2113 344 2157; x_wconf 91' lang='lat' dir='ltr'>non</span> <span class='ocrx_word' id='word_1_183' title='bbox 366 2099 447 2157; x_wconf 83' lang='lat' dir='ltr'>lama</span> <span class='ocrx_word' id='word_1_184' title='bbox 461 2097 554 2158; x_wconf 92' lang='lat' dir='ltr'>modo</span> <span class='ocrx_word' id='word_1_185' title='bbox 569 2098 730 2172; x_wconf 89' lang='lat' dir='ltr'>accepisse</span> <span class='ocrx_word' id='word_1_186' title='bbox 745 2112 802 2156; x_wconf 93' lang='lat' dir='ltr'>vos</span> <span class='ocrx_word' id='word_1_187' title='bbox 819 2097 876 2156; x_wconf 92' lang='lat' dir='ltr'>sed</span> <span class='ocrx_word' id='word_1_188' title='bbox 891 2097 1057 2172; x_wconf 82' lang='lat' dir='ltr'>crepitibus</span> 
     </span>
    </p>
   </div>
   <div class='ocr_carea' id='block_1_9' title="bbox 72 2179 1057 2669">
    <p class='ocr_par' dir='ltr' id='par_1_10' title="bbox 72 2179 1057 2669">
     <span class='ocr_line' id='line_1_26' title="bbox 76 2179 1057 2256; baseline 0 -16"><span class='ocrx_word' id='word_1_189' title='bbox 76 2181 165 2243; x_wconf 90' lang='lat' dir='ltr'>etiam</span> <span class='ocrx_word' id='word_1_190' title='bbox 184 2179 416 2256; x_wconf 70' lang='lat' dir='ltr'>ululatibusque</span> <span class='ocrx_word' id='word_1_191' title='bbox 436 2181 608 2254; x_wconf 85' lang='lat' dir='ltr'>nocturnis,</span> <span class='ocrx_word' id='word_1_192' title='bbox 631 2180 683 2256; x_wconf 90' lang='lat' dir='ltr'>qui</span> <span class='ocrx_word' id='word_1_193' title='bbox 704 2187 875 2256; x_wconf 90' lang='lat' dir='ltr'>personant</span> <span class='ocrx_word' id='word_1_194' title='bbox 894 2189 957 2242; x_wconf 89' lang='lat' dir='ltr'>tota</span> <span class='ocrx_word' id='word_1_195' title='bbox 971 2182 1057 2252; x_wconf 89' lang='lat' dir='ltr'>urbe,</span> 
     </span>
     <span class='ocr_line' id='line_1_27' title="bbox 75 2262 1057 2340; baseline -0.006 -13"><span class='ocrx_word' id='word_1_196' title='bbox 75 2272 191 2327; x_wconf 88' lang='lat' dir='ltr'>certum</span> <span class='ocrx_word' id='word_1_197' title='bbox 212 2264 330 2334; x_wconf 72' lang='lat' dir='ltr'>habeo,</span> <span class='ocrx_word' id='word_1_198' title='bbox 353 2271 488 2325; x_wconf 89' lang='lat' dir='ltr'>ceterum</span> <span class='ocrx_word' id='word_1_199' title='bbox 504 2279 583 2340; x_wconf 86' lang='lat' dir='ltr'>quae</span> <span class='ocrx_word' id='word_1_200' title='bbox 604 2279 640 2322; x_wconf 92' lang='lat' dir='ltr'>ea</span> <span class='ocrx_word' id='word_1_201' title='bbox 655 2281 705 2323; x_wconf 91' lang='lat' dir='ltr'>res</span> <span class='ocrx_word' id='word_1_202' title='bbox 725 2265 778 2335; x_wconf 92' lang='lat' dir='ltr'>sit,</span> <span class='ocrx_word' id='word_1_203' title='bbox 801 2265 958 2338; x_wconf 74' lang='lat' dir='ltr'>ignorarer</span> <span class='ocrx_word' id='word_1_204' title='bbox 980 2262 1057 2323; x_wconf 89' lang='lat' dir='ltr'>alios</span> 
     </span>
     <span class='ocr_line' id='line_1_28' title="bbox 74 2345 1057 2422; baseline -0.004 -14"><span class='ocrx_word' id='word_1_205' title='bbox 74 2349 201 2409; x_wconf 87' lang='lat' dir='ltr'>deorum</span> <span class='ocrx_word' id='word_1_206' title='bbox 217 2348 352 2422; x_wconf 88' lang='lat' dir='ltr'>aliquem</span> <span class='ocrx_word' id='word_1_207' title='bbox 365 2348 495 2421; x_wconf 89' lang='lat' dir='ltr'>cultum,</span> <span class='ocrx_word' id='word_1_208' title='bbox 516 2347 594 2408; x_wconf 80' lang='lat' dir='ltr'>attius</span> <span class='ocrx_word' id='word_1_209' title='bbox 609 2347 791 2407; x_wconf 83' lang='lat' dir='ltr'>concessum</span> <span class='ocrx_word' id='word_1_210' title='bbox 806 2347 908 2406; x_wconf 92' lang='lat' dir='ltr'>ludum</span> <span class='ocrx_word' id='word_1_211' title='bbox 925 2353 954 2406; x_wconf 92' lang='lat' dir='ltr'>et</span> <span class='ocrx_word' id='word_1_212' title='bbox 967 2345 1057 2406; x_wconf 91' lang='lat' dir='ltr'>lasci·</span> 
     </span>
     <span class='ocr_line' id='line_1_29' title="bbox 74 2430 1056 2506; baseline -0.006 -14"><span class='ocrx_word' id='word_1_213' title='bbox 74 2433 153 2493; x_wconf 90' lang='lat' dir='ltr'>viam</span> <span class='ocrx_word' id='word_1_214' title='bbox 173 2432 304 2492; x_wconf 88' lang='lat' dir='ltr'>credere</span> <span class='ocrx_word' id='word_1_215' title='bbox 323 2447 409 2504; x_wconf 89' lang='lat' dir='ltr'>esse,</span> <span class='ocrx_word' id='word_1_216' title='bbox 431 2432 703 2506; x_wconf 90' lang='lat' dir='ltr'>et-qualecumque</span> <span class='ocrx_word' id='word_1_217' title='bbox 724 2431 777 2503; x_wconf 87' lang='lat' dir='ltr'>sit,</span> <span class='ocrx_word' id='word_1_218' title='bbox 797 2430 836 2489; x_wconf 88' lang='lat' dir='ltr'>ad</span> <span class='ocrx_word' id='word_1_219' title='bbox 857 2445 974 2504; x_wconf 88' lang='lat' dir='ltr'>paucos</span> <span class='ocrx_word' id='word_1_220' title='bbox 989 2445 1056 2502; x_wconf 89' lang='lat' dir='ltr'>per-</span> 
     </span>
     <span class='ocr_line' id='line_1_30' title="bbox 73 2511 1056 2590; baseline -0.006 -14"><span class='ocrx_word' id='word_1_221' title='bbox 73 2515 178 2577; x_wconf 86' lang='lat' dir='ltr'>tinere.</span> <span class='ocrx_word' id='word_1_222' title='bbox 216 2515 302 2590; x_wconf 92' lang='lat' dir='ltr'>quod</span> <span class='ocrx_word' id='word_1_223' title='bbox 329 2515 371 2574; x_wconf 89' lang='lat' dir='ltr'>ed</span> <span class='ocrx_word' id='word_1_224' title='bbox 389 2512 609 2575; x_wconf 89' lang='lat' dir='ltr'>multitudinem</span> <span class='ocrx_word' id='word_1_225' title='bbox 629 2529 734 2573; x_wconf 90' lang='lat' dir='ltr'>eorum</span> <span class='ocrx_word' id='word_1_226' title='bbox 755 2513 875 2585; x_wconf 88' lang='lat' dir='ltr'>attinet,</span> <span class='ocrx_word' id='word_1_227' title='bbox 901 2513 928 2570; x_wconf 91' lang='lat' dir='ltr'>si</span> <span class='ocrx_word' id='word_1_228' title='bbox 949 2511 1056 2570; x_wconf 86' lang='lat' dir='ltr'>dixero</span> 
     </span>
     <span class='ocr_line' id='line_1_31' title="bbox 72 2591 1057 2669; baseline -0.005 -11"><span class='ocrx_word' id='word_1_229' title='bbox 72 2603 165 2661; x_wconf 90' lang='lat' dir='ltr'>multa</span> <span class='ocrx_word' id='word_1_230' title='bbox 179 2596 266 2658; x_wconf 88' lang='lat' dir='ltr'>milia</span> <span class='ocrx_word' id='word_1_231' title='bbox 279 2597 435 2657; x_wconf 89' lang='lat' dir='ltr'>hominum</span> <span class='ocrx_word' id='word_1_232' title='bbox 448 2612 529 2669; x_wconf 90' lang='lat' dir='ltr'>esse,</span> <span class='ocrx_word' id='word_1_233' title='bbox 543 2597 624 2657; x_wconf 91' lang='lat' dir='ltr'>illico</span> <span class='ocrx_word' id='word_1_234' title='bbox 635 2611 765 2656; x_wconf 90' lang='lat' dir='ltr'>necesse</span> <span class='ocrx_word' id='word_1_235' title='bbox 777 2600 825 2654; x_wconf 88' lang='lat' dir='ltr'>est</span> <span class='ocrx_word' id='word_1_236' title='bbox 836 2591 1057 2663; x_wconf 87' lang='lat' dir='ltr'>exterreamini,</span> 
     </span>
    </p>
   </div>
   <div class='ocr_carea' id='block_1_10' title="bbox 10 2676 1056 2756">
    <p class='ocr_par' dir='ltr' id='par_1_11' title="bbox 10 2676 1056 2756">
     <span class='ocr_line' id='line_1_32' title="bbox 10 2676 1056 2756; baseline -0.008 -13"><span class='ocrx_word' id='word_1_237' title='bbox 10 2715 11 2726; x_wconf 60' lang='lat'>,</span> <span class='ocrx_word' id='word_1_238' title='bbox 73 2684 130 2744; x_wconf 89' lang='lat' dir='ltr'>nisi</span> <span class='ocrx_word' id='word_1_239' title='bbox 151 2683 327 2742; x_wconf 85' lang='lat' dir='ltr'>adiunxero</span> <span class='ocrx_word' id='word_1_240' title='bbox 344 2681 396 2756; x_wconf 89' lang='lat' dir='ltr'>qui</span> <span class='ocrx_word' id='word_1_241' title='bbox 417 2681 589 2755; x_wconf 89' lang='lat' dir='ltr'>qualesque</span> <span class='ocrx_word' id='word_1_242' title='bbox 609 2679 678 2739; x_wconf 91' lang='lat' dir='ltr'>sint.</span> <span class='ocrx_word' id='word_1_243' title='bbox 705 2679 834 2753; x_wconf 91' lang='lat' dir='ltr'>primum</span> <span class='ocrx_word' id='word_1_244' title='bbox 849 2676 939 2751; x_wconf 83' lang='lat' dir='ltr'>igitur</span> <span class='ocrx_word' id='word_1_245' title='bbox 952 2676 1056 2736; x_wconf 91' lang='lat' dir='ltr'>mulie·</span> 
     </span>
    </p>
   </div>
   <div class='ocr_carea' id='block_1_11' title="bbox 71 2758 1056 3502">
    <p class='ocr_par' dir='ltr' id='par_1_12' title="bbox 71 2758 1056 3502">
     <span class='ocr_line' id='line_1_33' title="bbox 71 2758 1056 2840; baseline -0.007 -14"><span class='ocrx_word' id='word_1_246' title='bbox 71 2783 139 2826; x_wconf 90' lang='lat' dir='ltr'>rum</span> <span class='ocrx_word' id='word_1_247' title='bbox 153 2780 268 2840; x_wconf 77' lang='lat' dir='ltr'>magna</span> <span class='ocrx_word' id='word_1_248' title='bbox 281 2780 355 2839; x_wconf 89' lang='lat' dir='ltr'>pars</span> <span class='ocrx_word' id='word_1_249' title='bbox 372 2773 433 2837; x_wconf 90' lang='lat' dir='ltr'>est,</span> <span class='ocrx_word' id='word_1_250' title='bbox 456 2772 486 2826; x_wconf 93' lang='lat' dir='ltr'>et</span> <span class='ocrx_word' id='word_1_251' title='bbox 499 2763 526 2824; x_wconf 91' lang='lat' dir='ltr'>is</span> <span class='ocrx_word' id='word_1_252' title='bbox 542 2764 611 2823; x_wconf 88' lang='lat' dir='ltr'>lons</span> <span class='ocrx_word' id='word_1_253' title='bbox 626 2762 696 2822; x_wconf 92' lang='lat' dir='ltr'>mali</span> <span class='ocrx_word' id='word_1_254' title='bbox 709 2761 839 2822; x_wconf 85' lang='lat' dir='ltr'>huiusce</span> <span class='ocrx_word' id='word_1_255' title='bbox 852 2759 921 2832; x_wconf 84' lang='lat' dir='ltr'>luit;</span> <span class='ocrx_word' id='word_1_256' title='bbox 946 2758 1056 2820; x_wconf 91' lang='lat' dir='ltr'>deinde</span> 
     </span>
     <span class='ocr_line' id='line_1_34' title="bbox 72 2844 1054 2921; baseline -0.007 -13"><span class='ocrx_word' id='word_1_257' title='bbox 72 2849 216 2910; x_wconf 88' lang='lat' dir='ltr'>simillimi</span> <span class='ocrx_word' id='word_1_258' title='bbox 231 2845 354 2908; x_wconf 87' lang='lat' dir='ltr'>leminis</span> <span class='ocrx_word' id='word_1_259' title='bbox 369 2857 485 2920; x_wconf 86' lang='lat' dir='ltr'>mares,</span> <span class='ocrx_word' id='word_1_260' title='bbox 508 2846 635 2921; x_wconf 89' lang='lat' dir='ltr'>stuprati</span> <span class='ocrx_word' id='word_1_261' title='bbox 650 2852 679 2906; x_wconf 89' lang='lat' dir='ltr'>ot</span> <span class='ocrx_word' id='word_1_262' title='bbox 694 2852 952 2920; x_wconf 87' lang='lat' dir='ltr'>constupratores,</span> <span class='ocrx_word' id='word_1_263' title='bbox 973 2844 1054 2902; x_wconf 88' lang='lat' dir='ltr'>lana-</span> 
     </span>
     <span class='ocr_line' id='line_1_35' title="bbox 71 2927 1055 3008; baseline -0.004 -16"><span class='ocrx_word' id='word_1_264' title='bbox 71 2931 122 2993; x_wconf 88' lang='lat' dir='ltr'>tici</span> <span class='ocrx_word' id='word_1_265' title='bbox 131 2932 258 3008; x_wconf 72' lang='lat' dir='ltr'>vigiliis</span> <span class='ocrx_word' id='word_1_266' title='bbox 270 2929 353 3003; x_wconf 88' lang='lat' dir='ltr'>vino,</span> <span class='ocrx_word' id='word_1_267' title='bbox 367 2928 544 3006; x_wconf 85' lang='lat' dir='ltr'>strepitibus</span> <span class='ocrx_word' id='word_1_268' title='bbox 553 2929 799 3004; x_wconf 88' lang='lat' dir='ltr'>clamoribusque</span> <span class='ocrx_word' id='word_1_269' title='bbox 811 2927 967 2990; x_wconf 89' lang='lat' dir='ltr'>nocturnis</span> <span class='ocrx_word' id='word_1_270' title='bbox 980 2935 1055 2988; x_wconf 90' lang='lat' dir='ltr'>atto-</span> 
     </span>
     <span class='ocr_line' id='line_1_36' title="bbox 73 3011 1056 3088; baseline -0.004 -14"><span class='ocrx_word' id='word_1_271' title='bbox 73 3015 134 3076; x_wconf 91' lang='lat' dir='ltr'>niti.</span> <span class='ocrx_word' id='word_1_272' title='bbox 156 3018 260 3076; x_wconf 90' lang='lat' dir='ltr'>nullas</span> <span class='ocrx_word' id='word_1_273' title='bbox 274 3013 376 3074; x_wconf 90' lang='lat' dir='ltr'>adhuc</span> <span class='ocrx_word' id='word_1_274' title='bbox 392 3014 472 3075; x_wconf 91' lang='lat' dir='ltr'>vires</span> <span class='ocrx_word' id='word_1_275' title='bbox 489 3012 673 3088; x_wconf 86' lang='lat' dir='ltr'>coniuratio,</span> <span class='ocrx_word' id='word_1_276' title='bbox 690 3021 822 3073; x_wconf 88' lang='lat' dir='ltr'>ceterum</span> <span class='ocrx_word' id='word_1_277' title='bbox 838 3011 1056 3071; x_wconf 90' lang='lat' dir='ltr'>incrementum</span> 
     </span>
     <span class='ocr_line' id='line_1_37' title="bbox 73 3094 1055 3174; baseline -0.004 -18"><span class='ocrx_word' id='word_1_278' title='bbox 73 3099 181 3174; x_wconf 83' lang='lat' dir='ltr'>ingens</span> <span class='ocrx_word' id='word_1_279' title='bbox 204 3099 316 3159; x_wconf 89' lang='lat' dir='ltr'>virium</span> <span class='ocrx_word' id='word_1_280' title='bbox 330 3097 437 3170; x_wconf 89' lang='lat' dir='ltr'>habet,</span> <span class='ocrx_word' id='word_1_281' title='bbox 460 3098 545 3172; x_wconf 94' lang='lat' dir='ltr'>quod</span> <span class='ocrx_word' id='word_1_282' title='bbox 560 3097 590 3155; x_wconf 96' lang='lat' dir='ltr'>in</span> <span class='ocrx_word' id='word_1_283' title='bbox 606 3097 792 3172; x_wconf 91' lang='lat' dir='ltr'>diesplures</span> <span class='ocrx_word' id='word_1_284' title='bbox 806 3096 889 3155; x_wconf 90' lang='lat' dir='ltr'>fiunt.</span> <span class='ocrx_word' id='word_1_285' title='bbox 924 3094 1055 3155; x_wconf 91' lang='lat' dir='ltr'>maiores</span> 
     </span>
     <span class='ocr_line' id='line_1_38' title="bbox 73 3177 1055 3256; baseline -0.002 -18"><span class='ocrx_word' id='word_1_286' title='bbox 73 3185 167 3243; x_wconf 87' lang='lat' dir='ltr'>vestri</span> <span class='ocrx_word' id='word_1_287' title='bbox 182 3199 222 3242; x_wconf 92' lang='lat' dir='ltr'>ne</span> <span class='ocrx_word' id='word_1_288' title='bbox 237 3198 296 3242; x_wconf 91' lang='lat' dir='ltr'>vos</span> <span class='ocrx_word' id='word_1_289' title='bbox 313 3182 450 3256; x_wconf 87' lang='lat' dir='ltr'>quidem,</span> <span class='ocrx_word' id='word_1_290' title='bbox 468 3180 529 3241; x_wconf 91' lang='lat' dir='ltr'>nisi</span> <span class='ocrx_word' id='word_1_291' title='bbox 544 3196 612 3240; x_wconf 91' lang='lat' dir='ltr'>cum</span> <span class='ocrx_word' id='word_1_292' title='bbox 627 3187 679 3240; x_wconf 85' lang='lat' dir='ltr'>aut</span> <span class='ocrx_word' id='word_1_293' title='bbox 693 3179 804 3239; x_wconf 85' lang='lat' dir='ltr'>vexillo</span> <span class='ocrx_word' id='word_1_294' title='bbox 820 3179 850 3238; x_wconf 92' lang='lat' dir='ltr'>in</span> <span class='ocrx_word' id='word_1_295' title='bbox 866 3193 937 3238; x_wconf 90' lang='lat' dir='ltr'>arce</span> <span class='ocrx_word' id='word_1_296' title='bbox 952 3177 1055 3253; x_wconf 90' lang='lat' dir='ltr'>posito</span> 
     </span>
     <span class='ocr_line' id='line_1_39' title="bbox 74 3261 1054 3336; baseline -0.007 -12"><span class='ocrx_word' id='word_1_297' title='bbox 74 3268 266 3328; x_wconf 89' lang='lat' dir='ltr'>comitiorum</span> <span class='ocrx_word' id='word_1_298' title='bbox 282 3281 376 3325; x_wconf 88' lang='lat' dir='ltr'>causa</span> <span class='ocrx_word' id='word_1_299' title='bbox 391 3266 546 3325; x_wconf 89' lang='lat' dir='ltr'>exereitus</span> <span class='ocrx_word' id='word_1_300' title='bbox 561 3264 690 3324; x_wconf 92' lang='lat' dir='ltr'>eductus</span> <span class='ocrx_word' id='word_1_301' title='bbox 706 3270 798 3336; x_wconf 86' lang='lat' dir='ltr'>esset,</span> <span class='ocrx_word' id='word_1_302' title='bbox 821 3269 871 3322; x_wconf 88' lang='lat' dir='ltr'>aut</span> <span class='ocrx_word' id='word_1_303' title='bbox 885 3261 967 3335; x_wconf 89' lang='lat' dir='ltr'>plebi</span> <span class='ocrx_word' id='word_1_304' title='bbox 983 3275 1054 3318; x_wconf 90' lang='lat' dir='ltr'>con·</span> 
     </span>
     <span class='ocr_line' id='line_1_40' title="bbox 75 3341 1054 3424; baseline -0.008 -18"><span class='ocrx_word' id='word_1_305' title='bbox 75 3348 176 3410; x_wconf 88' lang='lat' dir='ltr'>cilium</span> <span class='ocrx_word' id='word_1_306' title='bbox 194 3349 306 3412; x_wconf 90' lang='lat' dir='ltr'>tribuni</span> <span class='ocrx_word' id='word_1_307' title='bbox 321 3348 507 3424; x_wconf 88' lang='lat' dir='ltr'>edixissent,</span> <span class='ocrx_word' id='word_1_308' title='bbox 531 3355 582 3408; x_wconf 92' lang='lat' dir='ltr'>aut</span> <span class='ocrx_word' id='word_1_309' title='bbox 596 3347 705 3422; x_wconf 91' lang='lat' dir='ltr'>aliquis</span> <span class='ocrx_word' id='word_1_310' title='bbox 721 3363 760 3406; x_wconf 88' lang='lat' dir='ltr'>ex</span> <span class='ocrx_word' id='word_1_311' title='bbox 774 3343 999 3420; x_wconf 80' lang='lat' dir='ltr'>magistratibus</span> <span class='ocrx_word' id='word_1_312' title='bbox 1015 3341 1054 3399; x_wconf 92' lang='lat' dir='ltr'>ad</span> 
     </span>
     <span class='ocr_line' id='line_1_41' title="bbox 77 3422 1052 3502; baseline -0.011 -11"><span class='ocrx_word' id='word_1_313' title='bbox 77 3434 251 3494; x_wconf 90' lang='lat' dir='ltr'>contionem</span> <span class='ocrx_word' id='word_1_314' title='bbox 264 3441 417 3502; x_wconf 88' lang='lat' dir='ltr'>vocasset,</span> <span class='ocrx_word' id='word_1_315' title='bbox 434 3433 512 3494; x_wconf 83' lang='lat' dir='ltr'>forte</span> <span class='ocrx_word' id='word_1_316' title='bbox 526 3439 642 3493; x_wconf 91' lang='lat' dir='ltr'>temere</span> <span class='ocrx_word' id='word_1_317' title='bbox 657 3429 739 3491; x_wconf 89' lang='lat' dir='ltr'>coire</span> <span class='ocrx_word' id='word_1_318' title='bbox 753 3431 928 3492; x_wconf 70' lang='lat' dir='ltr'>voluerunt,</span> <span class='ocrx_word' id='word_1_319' title='bbox 944 3429 975 3482; x_wconf 90' lang='lat' dir='ltr'>et</span> <span class='ocrx_word' id='word_1_320' title='bbox 987 3422 1052 3482; x_wconf 92' lang='lat' dir='ltr'>ubi·</span> 
     </span>
    </p>
   </div>
   <div class='ocr_carea' id='block_1_12' title="bbox 0 0 1216 3872">
    <p class='ocr_par' dir='ltr' id='par_1_13' title="bbox 0 0 1216 3872">
     <span class='ocr_line' id='line_1_42' title="bbox 0 0 1216 3872; baseline 0 1"><span class='ocrx_word' id='word_1_321' title='bbox 0 0 1216 3872; x_wconf 95' lang='lat' dir='ltr'> </span> 
     </span>
    </p>
   </div>
  </div>
 </body>
</html>
