2368 3858
197 205 309 266 LIBER
321 207 411 266 XLV.
436 207 519 266 ιιι).
533 213 636 269 anea.
660 213 696 281 [ι.
713 213 745 266 c.
764 213 824 280 ιιι]
937 205 996 272 ιιι

45 357 205 432 invenisset,
226 357 409 418 exercituin
425 374 523 420 naves
537 357 682 434 imposito
698 360 728 420 in
743 359 857 421 Italiam
874 360 998 423 traiecit.

10 501 11 504 ,
46 449 139 518 etpost
158 457 273 517 paucos
289 439 355 502 dies
370 441 498 503 Anicius
514 448 666 504 conventu
686 443 875 521 reliquorum
889 443 998 521 Epiro·

45 535 121 589 ιιιιιιι
140 527 396 600 Acarnanumque
422 533 507 600 acto,
531 526 689 604 iussisque
713 528 744 588 in
769 528 885 589 ltaliam
909 529 999 603 sequi

42 609 224 688 principibus,
251 625 381 684 quorum
403 609 608 684 cognitionem
629 625 742 672 causae
755 619 943 686 reservarat,
969 619 999 673 et

42 694 95 769 ipse
112 693 238 753 navibus
260 693 462 768 exspectatis,
484 693 598 770 quibus
618 711 696 757 usus
710 693 930 757 Macedonicus
945 711 999 756 ex·

42 776 133 838 acius
146 784 218 851 erat,
233 775 265 836 in
280 776 397 837 ltaliam
411 777 537 838 traiecit.

107 859 176 920 Cum
195 859 273 921 haec
292 860 323 920 in
337 859 520 921 Macedonia
533 859 690 937 Epiroque
704 869 792 937 gesta
806 868 892 936 sunt,
908 861 999 939 legati

42 943 80 1020 qd
93 959 155 1004 cum
165 945 269 1005 Attalo
283 943 324 1005 ad
339 945 508 1006 finiendum
522 945 657 1007 bellum
649 952 726 1005 mter
738 945 842 1008 Gallos
854 954 885 1008 et
894 961 998 1023 regem
1013 943 1016 948 ’

41 1027 183 1088 Eumenem
197 1027 285 1089 missi
301 1028 421 1100 erant,
412 1047 443 1090 m
457 1029 563 1090 Asiam
579 1038 792 1104 pervenerant.
808 1029 932 1090 indutiis
945 1045 1000 1106 per

10 1091 12 1208 j
40 1107 147 1170 hiemem
167 1105 256 1172 lactis
279 1118 311 1172 et
332 1111 408 1172 Galli
429 1114 539 1175 domos
560 1113 698 1174 abierant
713 1121 743 1174 et
756 1128 812 1173 rex
826 1113 857 1172 in
871 1113 1000 1173 hiberna

10 1209 12 1240 ¹
41 1201 215 1256 concesserat
228 1195 419 1271 Pergamum,
435 1196 584 1272 gravrque
595 1197 703 1258 morbo
718 1211 812 1271 aeger
822 1198 929 1256 luerat
946 1213 1000 1257 ver

10 1273 12 1356 l
40 1278 147 1352 primum
167 1293 206 1340 ex
226 1279 321 1340 domo
337 1279 463 1355 exolvit,
486 1279 610 1357 iamque
623 1279 772 1359 Synnada
788 1286 998 1356 pervenerant,

10 1357 12 1512 ι
41 1377 93 1422 cum
105 1361 254 1427 Eumenes
272 1363 312 1423 ad
327 1361 443 1424 Sardes
458 1362 595 1438 undique
610 1363 778 1425 exercitum
793 1369 997 1425 contraxerat.

10 1515 12 1522 y
39 1444 69 1504 ill
81 1445 198 1506 Romani
218 1463 292 1508 cum
307 1445 339 1486 **
355 1455 385 1508 et
405 1447 607 1509 Solovettium
622 1448 730 1510 ducem
748 1447 902 1508 Gallorum
918 1445 999 1527 Syn·

10 1529 12 1584 l
40 1527 110 1589 nadis
129 1529 263 1592 adlocuti
285 1536 370 1604 sunt,
397 1539 427 1593 et
446 1532 566 1593 Attalus
588 1531 723 1592 cumeis
745 1533 919 1608 prolectam
941 1532 1000 1592 sed

10 1585 13 1632 s
41 1620 120 1674 casua
138 1614 295 1676 Gallorum
322 1614 435 1675 intrare
456 1631 525 1675 eum
545 1631 607 1676 non
634 1615 763 1691 placuit,
789 1631 827 1676 ne
849 1615 939 1676 animi
961 1631 1000 1676 ex

41 1693 240 1772 disceptatione
263 1696 459 1760 irritarentur.
480 1699 512 1758 P.
528 1697 663 1759 Licinias
684 1713 752 1759 curn
775 1701 883 1773 regulo
899 1699 1000 1759 Gallo-

40 1794 91 1841 mm
103 1789 146 1844 esl
158 1782 297 1855 locutus,
319 1783 495 1860 rettulitque
510 1782 691 1843 ferociorem
711 1796 781 1842 eum
801 1781 999 1858 deprecando

41 1861 146 1934 lactum;
164 1874 196 1927 ut
212 1866 323 1927 mirum
334 1865 432 1926 videri
443 1873 551 1942 posset
562 1864 640 1927 inter
651 1872 710 1927 tarn
724 1867 888 1940 opulentos
899 1879 999 1940 reges,

41 1945 201 2010 Antiochum
215 1949 503 2026 Ptolemaeumque,
527 1957 641 2011 tantum
662 1951 831 2024 legatorum
845 1949 999 2010 Romano·

41 2045 90 2090 run
109 2033 199 2094 verba
218 2034 370 2107 valuisse,
395 2039 429 2094 nl
449 2035 603 2110 extemplo
619 2049 726 2111 pacem
743 2033 891 2107 lacerent,
918 2031 1001 2108 apud

42 2113 123 2176 udos
137 2118 251 2179 nullius
267 2118 409 2179 momenti
426 2117 532 2178 luisse.

104 2199 220 2263 XXXV.
244 2201 374 2262 Romam
403 2199 533 2277 primum
553 2215 644 2276 reges
666 2201 793 2277 captivi,
817 2201 950 2260 Perseus
971 2208 1001 2260 et

43 2278 154 2359 ιιιιιιιι,
168 2285 199 2346 in
215 2284 390 2347 custodiam
404 2299 472 2345 cum
487 2283 592 2345 liberis
608 2284 739 2358 abducti,
755 2284 825 2344 dein
841 2283 928 2345 turba
941 2280 1002 2342 alia

42 2366 225 2445 captivorum,
251 2375 314 2429 lum
336 2368 449 2444 quibus
472 2367 675 2429 Macedonum
696 2366 905 2428 denuntiatum
926 2373 999 2440 erat,

41 2454 66 2508 ut
76 2450 193 2514 Romam
207 2453 357 2527 venirent,
372 2450 608 2528 principumque
624 2452 786 2513 Graeciam
802 2465 873 2510 nam
887 2449 908 2508 li
924 2465 1000 2524 quo·

42 2546 88 2604 que
100 2551 156 2596 non
177 2539 279 2598 solum
293 2542 474 2612 praesentes
497 2535 588 2596 exciti
603 2542 703 2608 erant,
727 2535 784 2594 sed
800 2531 933 2593 etiamsi
949 2532 1001 2606 qul

18 2645 23 2650 ·
14 2618 107 2689 apud
120 2635 208 2695 neges
224 2635 297 2681 esse
311 2619 498 2694 dicebantur,
514 2619 622 2680 litteris
636 2617 775 2679 arcessiti
786 2621 867 2676 sunt.
888 2614 1000 2674 Paulus

14 2695 94 2772 {ipae
112 2713 182 2778 post
202 2703 271 2765 dies
292 2719 411 2780 paucos
430 2705 516 2779 regia
535 2717 616 2762 nave
630 2701 760 2778 ingentis
774 2698 1000 2776 magnitudinis,

14 2787 115 2856 quam
133 2788 292 2848 sexdecim
313 2801 424 2848 versus
442 2803 598 2848 remoram
612 2786 758 2861 agebant,
780 2790 888 2846 ornata
899 2781 1000 2843 Maee-

15 2859 142 2952 {danicis
156 2870 277 2948 spoliis,
296 2887 359 2933 non
373 2872 536 2947 insignium
552 2879 665 2932 tantam
676 2883 830 2931 armorum
844 2867 1002 2930 sedetiam

15 2989 16 3016 l
15 2945 174 3025 regiorum
194 2955 361 3030 textilium,
381 2955 515 3016 adverso
529 2955 630 3015 Tiberi
651 2955 691 3014 ad
705 2954 813 3015 urbem
828 2959 877 3014 est
891 2952 1001 3012 subve-

43 3039 108 3111 ctus,
131 3039 292 3116 completis
312 3037 388 3114 ripis
409 3039 532 3100 obviam
546 3038 646 3100 eiiusa
659 3037 861 3100 multitudine.
885 3051 1002 3112 paucos

43 3125 100 3190 post
117 3122 184 3188 dies
204 3123 332 3185 Anicius
354 3129 385 3183 et
399 3123 545 3184 Octavius
565 3125 667 3183 classe
681 3137 739 3184 sua
753 3119 884 3182 advecti.
907 3119 1002 3180 tribus

43 3197 71 3260 iis
78 3207 215 3268 omnibus
228 3209 372 3268 decretus
384 3215 432 3269 est
442 3207 480 3267 ab
493 3213 601 3268 senatu
612 3206 799 3282 ιιιιιιιιριιιιι,
790 3205 1003 3264 Ηιιιιιιιιιιιιι

45 3289 140 3364 (muel)
163 3292 269 3353 cassio
291 3293 441 3369 praetori,
467 3307 536 3350 cum
556 3291 684 3352 tribunis
706 3288 805 3366 plebis
821 3293 939 3362 ageret,
964 3297 1005 3343 ex

45 3374 204 3438 auctoritate
225 3385 344 3452 patrum
365 3375 555 3452 rogationem
573 3376 615 3436 ad
636 3375 757 3472 plebem
778 3374 890 3432 terrent
911 3375 944 3428 ut
956 3365 1004 3440 iis,

46 3467 95 3526 quo
104 3456 151 3519 dre
161 3459 266 3522 urbem
278 3461 500 3538 triumphantes
508 3458 731 3528 rnveherentur
744 3454 903 3531 rmpenum
911 3455 1004 3512 esset
