2368 3858
122 207 188 270 Μ
287 206 403 267 LIBER
413 204 503 264 XLV.
525 202 608 264 CAP.
625 211 667 263 10.
680 210 723 262 ll.
737 206 773 274 [a.
785 205 820 256 U.
833 221 857 258 c.
869 203 930 270 584]

123 357 188 432 luit,
205 353 302 431 quiin
316 355 474 430 plerisque
489 368 609 426 eorum,
632 366 712 426 quae
726 355 990 410 commemoratae
1003 345 1095 421 Popil-

122 440 164 500 lio
179 444 292 509 essent,
308 438 429 512 culpam
443 451 504 496 non
519 450 617 510 penes
631 435 780 510 populum
800 433 857 493 sed
875 447 971 507 penes
987 445 1095 506 paucos

124 523 297 584 concitores
310 521 394 596 vulgi
408 536 480 580 esse
494 519 579 580 dixit
608 534 674 591 eos,
688 519 827 578 venalem
840 514 974 590 linguam
989 513 1096 574 haben-

124 615 181 679 tes,
197 606 321 666 decreta
337 606 428 678 plena
441 604 545 678 regiae
559 601 781 663 adsentationis
795 600 926 673 iecisse,
948 606 979 660 et
993 613 1046 657 eas
1060 597 1096 656 lc·

123 690 263 765 gationes
289 688 426 760 misisse,
457 701 585 762 quarum
606 683 746 746 Rhodios
772 699 897 759 semper
917 697 978 743 non
1004 681 1098 741 minus

124 775 256 848 puderet
281 788 373 846 quam
399 771 576 846 paeniteret.
621 768 842 844 quaeamus,
868 767 896 827 si
922 782 1000 826 sana
1017 780 1099 826 mens

76 907 81 918 .
123 857 240 933 populo
262 856 356 928 toret,
376 854 407 913 in
431 854 532 928 capita
552 852 716 914 noxiorum
736 867 872 912 versura.
911 865 980 910 oum
995 865 1099 924 magno

124 940 262 1000 adsensu
283 937 405 998 auditus
430 944 493 1012 est,
519 953 580 998 non
600 936 699 1011 magis
718 952 756 997 eo
779 935 864 1011 quod
884 933 1100 994 multitudinem

123 1038 207 1082 noxa
231 1022 368 1093 levabat,
395 1037 487 1096 quam
508 1020 592 1096 quod
612 1022 734 1094 culpam
754 1019 784 1078 in
805 1026 949 1079 auctores
965 1023 1099 1077 verterat

124 1107 227 1182 itaque
242 1120 311 1165 oum
325 1104 483 1180 principes
501 1119 607 1165 eorum
627 1103 773 1163 Romanis
789 1101 1036 1177 responderent,
1054 1115 1101 1158 ne·

125 1205 280 1264 quaquam
294 1195 354 1248 tam
368 1195 454 1263 grata
469 1188 566 1250 oratio
578 1203 685 1248 eorum
699 1186 768 1260 luit,
791 1186 844 1261 qui
863 1201 943 1261 quae
957 1183 1101 1260 Popillius

125 1273 280 1334 obiecerat
294 1273 412 1338 diluere
422 1279 588 1346 ummnque
603 1270 703 1331 conati
718 1277 799 1343 sunt,
815 1285 907 1346 quam
921 1283 1040 1340 eorum,
1056 1265 1102 1340 qni

123 1355 260 1416 Decimio
275 1357 305 1415 in
320 1355 496 1416 auctoribus
511 1355 552 1415 ad
573 1355 727 1430 piaculum
746 1367 848 1414 noxae
865 1351 1038 1412 obiciendis
1052 1350 1100 1408 ad-

125 1437 210 1498 sensi
225 1445 305 1499 sunt
340 1439 496 1499 decretum
511 1438 602 1512 igitur
615 1439 779 1512 extemplo,
798 1443 832 1497 ut
851 1436 903 1510 qui
918 1451 975 1510 pro
992 1435 1101 1494 Perseo

125 1521 276 1582 adversus
290 1522 446 1582 Romanos
461 1522 579 1583 dixisse
600 1521 674 1598 quid
695 1529 747 1582 aut
759 1519 873 1580 iecisse
887 1519 1102 1580 convinceren-

125 1612 182 1679 tur,
202 1605 312 1681 eapitis
331 1606 615 1666 condemnarentur.
651 1609 854 1664 excesserunt
873 1602 950 1662 urbe
972 1603 1035 1662 sub
1054 1600 1100 1660 ad·

124 1697 216 1749 ventu
230 1691 437 1750 Romanorum
453 1689 585 1765 quidam,
600 1689 651 1749 alii
665 1696 794 1749 mortem
808 1687 867 1748 sibi
879 1686 1102 1746 consciverunt

125 1771 216 1847 legati
240 1789 302 1832 non
324 1773 404 1834 ultra
426 1790 518 1848 quum
540 1772 675 1848 quinque
696 1772 763 1832 dies
782 1769 884 1832 Rhodi
905 1769 1017 1831 unorati
1038 1768 1104 1827 Ale

124 1858 291 1918 xandrcum
314 1857 559 1932 proficiscuntur.
595 1870 653 1916 nec
668 1870 705 1915 eo
721 1854 848 1930 segnius
869 1853 985 1913 iudicia
1000 1869 1041 1912 ex
1055 1851 1103 1910 dc-

126 1946 209 2001 creto
225 1957 328 2002 coram
343 1941 390 2001 his
407 1942 487 2001 lacto
504 1940 604 2001 Rhodi
619 1939 857 2006 exercebantur;
884 1951 978 2011 quam
1001 1949 1102 2011 perse

128 2023 289 2084 vacantiam
306 2027 336 2083 in
351 2023 552 2097 exsequenda
566 2038 600 2082 re
613 2019 740 2083 Decimii
754 2020 865 2082 lenitas
878 2017 923 2076 **.
977 2081 979 2087 ,

207 2108 258 2166 Xl.
281 2107 354 2166 Cum
366 2107 442 2165 haec
452 2111 637 2180 gererentur,
649 2105 819 2166 Antiochus
831 2100 1104 2176 husuatomputis

126 2189 284 2250 moenibus
306 2189 504 2247 Alexandrea
530 2189 741 2257 abscesseram
769 2195 933 2263 ceteraque
958 2187 1103 2263 Aegypto

124 2271 249 2345 potitus,
274 2269 379 2330 relicto
405 2269 538 2345 Memphi
559 2271 674 2330 naalore
692 2270 882 2343 Ptolemaeo,
908 2269 958 2329 cui
976 2283 1104 2344 regnum

126 2353 232 2428 quaeri
244 2353 310 2413 suis
322 2352 439 2413 viribus
451 2353 669 2426 simulabatut
678 2352 825 2414 victorem
835 2369 910 2414 mox
920 2352 1103 2425 adgredere·

123 2449 186 2511 tur,
205 2439 236 2496 in
257 2436 379 2515 Syrimn
400 2438 566 2498 exercitum
581 2437 716 2498 abduxit.
751 2453 811 2496 nec
827 2436 919 2496 hunus
938 2434 1104 2500 voluntatis

124 2521 189 2581 eius
201 2521 326 2595 ignarus
337 2522 537 2593 Ptolemaeus
550 2521 622 2581 dum
635 2518 829 2582 conterritum
840 2519 1014 2580 obsidionis
1024 2523 1105 2579 metu

125 2605 275 2666 minorem
290 2607 412 2667 tratrem
426 2604 560 2678 haberet,
577 2619 673 2680 posse
688 2619 724 2663 se
738 2604 835 2678 recipi
845 2602 1061 2663 Alexandreae
1076 2608 1105 2660 et

125 2703 233 2750 sorore
245 2690 407 2750 adiuvante
418 2697 449 2748 et
460 2706 520 2749 non
528 2686 771 2763 repugnantibus
782 2685 998 2746 iratrisamieis
1010 2693 1103 2756 ratus

124 2771 254 2846 primum
277 2773 316 2830 ad
337 2787 489 2843 sororem,
513 2771 624 2831 deinde
645 2771 685 2830 ad
707 2771 830 2830 tratrem
844 2770 1026 2844 amicosque
1040 2769 1104 2828 alus
1181 2779 1183 2818 t

125 2869 186 2913 non
208 2854 293 2926 prius
315 2853 429 2912 destitit
448 2855 579 2927 mittere,
602 2870 696 2928 quarn
717 2869 825 2928 pacem
845 2868 913 2913 eum
935 2853 974 2912 iis
995 2853 1104 2913 connr-
1181 2889 1183 2904 ÷

124 2942 228 2994 maret.
264 2943 442 3009 suspectum
463 2936 646 2997 Antiochum
666 2936 812 2998 effecerat
829 2938 914 3012 quod
929 2943 1033 2996 cetera
1046 2937 1104 2995 Aa·

124 3022 220 3094 gypto
233 3017 293 3078 sibi
303 3017 415 3077 tradita
424 3018 536 3079 Pelusii
546 3021 680 3080 validum
691 3021 829 3081 relictum
837 3019 1105 3094 eratpraasldlum.
1181 3011 1183 3064 i

124 3099 294 3174 apparebat
309 3101 443 3161 claustra
454 3103 588 3180 Aegypti
605 3104 715 3176 teneri,
736 3111 770 3164 ut
784 3119 854 3164 cum
867 3105 975 3175 redet,
997 3117 1104 3163 rursus

124 3181 197 3244 inde
211 3186 377 3245 exercitum
392 3185 566 3270 ipduceret;
585 3186 666 3248 bello
687 3187 833 3248 intestino
848 3203 918 3247 cum
933 3188 1027 3246 hatra
1039 3199 1104 3246 eum

124 3269 237 3328 exitum
258 3272 340 3341 lore,
359 3278 393 3330 ut
412 3268 509 3331 victor
529 3271 632 3332 lessus
655 3269 820 3330 certamine
841 3285 1039 3346 naquaquam
1052 3283 1106 3344 par

124 3351 277 3413 Antiocho
300 3354 417 3414 iuturus
438 3361 532 3414 esset.
564 3355 642 3414 haee
663 3354 830 3435 prudentes
851 3353 1104 3414 animadversas

125 3433 240 3492 maiore
262 3453 330 3495 curn
351 3436 487 3498 adsensu
507 3438 606 3498 minor
626 3437 718 3495 irater
739 3437 853 3512 quique
875 3452 945 3496 cnm
967 3451 1006 3494 eo
1024 3442 1105 3494 erant
