2328 3870
172 219 232 285 118
270 217 386 278 LIBER
398 213 472 274 XLI.
495 207 578 273 cAP.
595 215 637 272 li.
653 206 695 269 le.
718 211 755 278 [a.
768 209 804 262 U.
817 205 841 261 ὁ.
853 205 913 264 did.
925 222 950 259 ι.
962 204 993 257 0.
1007 204 1059 269 tto]

173 367 329 448 prodoisol
348 363 451 436 iussit,
471 368 504 421 et
517 356 696 419 duumviros
717 355 845 414 navales
866 362 934 412 oure
950 350 1043 410 olesse
1055 345 1123 406 Pisas

173 456 231 525 ire,
254 451 306 527 qtti
319 447 463 524 Ligurum
480 457 580 515 oram,
601 439 783 500 meritimtltn
797 445 923 512 queque
938 438 1072 493 terrorem
1086 429 1124 488 ad·

171 541 340 606 moventes,
356 531 674 590 ououmveotaremar.
700 521 811 582 eodem
825 519 914 579 Pisas
929 523 959 576 ot
971 515 1004 590 Q.
1017 507 1126 573 returns

174 618 283 680 consul
304 616 345 675 ad
365 609 610 673 eonveniendum
632 605 780 666 exerolttri
798 604 884 664 diem
901 601 1041 661 edixerat.
1066 601 1091 654 et
1103 593 1126 656 d.

174 703 317 764 claudius
333 695 500 774 preconem
515 693 616 754 audita
630 689 798 750 rebellione
808 685 953 762 Ligurum
968 687 1077 758 praetor
1087 691 1127 738 eos

175 786 299 861 copias,
322 795 400 858 quas
421 793 525 840 seeum
539 776 667 836 Parmae
680 771 829 845 nubebat,
853 765 1005 832 subitariis
1018 759 1128 824 collectis

174 865 327 940 militibus,
342 863 508 924 exereitum
522 860 562 921 nd
576 860 655 920 lines
665 856 810 930 liguram
820 851 966 914 admovit.
984 845 1080 910 livill.
1089 843 1128 902 lo·

175 960 240 1011 stes
254 948 313 1009 sub
328 947 492 1008 adventum
508 943 540 1004 c.
553 941 686 1014 claudii,
708 951 727 998 e
742 953 805 1014 qno
820 937 901 996 duoe
915 945 950 994 se
962 928 1129 991 meminerunt

176 1047 275 1108 nuper
288 1032 329 1091 ad
344 1029 538 1090 &ulmenam
558 1025 673 1086 flumen
687 1023 787 1083 riolos
802 1020 1002 1094 fugatosque,
1021 1014 1129 1072 locorum

176 1116 273 1190 mags
294 1111 449 1190 praesidio
470 1111 620 1171 adversus
640 1105 801 1166 infeliciter
820 1107 980 1177 expertem
991 1096 1049 1157 vim
1063 1105 1130 1169 quun

178 1199 270 1259 aruris
286 1213 322 1258 se
343 1195 498 1255 defensuri
516 1193 596 1253 duos
610 1195 730 1250 montes
743 1183 852 1248 Letum
868 1190 899 1246 et
911 1181 1052 1244 Beiistnm
1064 1189 1130 1251 cepe

177 1290 261 1355 runt,
285 1295 436 1354 muroque
455 1277 582 1352 insuper
601 1271 744 1349 amplexi.
775 1266 895 1330 tordius
917 1277 957 1328 ert
970 1264 1047 1339 agris
1060 1256 1129 1319 doui-

177 1372 303 1438 grantes
321 1359 465 1436 oppressi
486 1359 527 1419 ed
546 1358 627 1416 mille
647 1363 679 1415 et
696 1351 855 1429 quingenti
874 1351 1042 1428 pertenente
1062 1337 1130 1404 oettli

177 1446 331 1506 montibus
354 1458 389 1502 se
407 1441 564 1512 tenebant,
585 1446 617 1498 ot
630 1451 668 1498 ne
682 1437 713 1497 in
731 1443 816 1499 ‘melu
838 1435 965 1510 quidem
979 1426 1091 1491 lenitatis
1102 1423 1132 1481 in·

169 1529 298 1601 ,genitae
318 1524 403 1586 obliti
425 1523 567 1584 saeviunt
585 1519 616 1580 ln
637 1521 800 1596 praedam,
823 1531 908 1594 quse
926 1513 1054 1577 ltlutinae
1069 1513 1133 1584 parta

178 1619 251 1669 erat.
280 1608 420 1683 oeptivos
436 1621 506 1666 oum
522 1604 616 1665 loede
628 1604 814 1664 leeeratione
828 1599 1026 1666 immittunt,
1046 1603 1133 1670 peoora
1158 1612 1159 1615 ¹

178 1693 207 1750 in
224 1693 302 1751 lanis
317 1689 470 1752 trucident
482 1688 588 1750 verius
603 1687 722 1765 passim
737 1699 832 1762 quum
845 1685 905 1746 rite
917 1680 1133 1746 meldunam

178 1775 243 1836 tiati
257 1775 353 1835 ouede
369 1771 575 1846 animantium,
591 1785 670 1847 queo
684 1769 818 1830 marimo
833 1773 924 1828 erant
934 1761 1088 1842 partetibus
1097 1755 1134 1814 eti·
1160 1798 1161 1801 =

178 1857 302 1932 iligunt,
323 1873 402 1917 vasa
418 1855 517 1915 omnis
537 1855 659 1929 generis
676 1853 747 1913 usui
761 1852 861 1926 magis
879 1864 973 1927 quem
987 1844 1134 1907 ornamento

179 1941 209 2001 in
226 1941 360 2015 speeiem
374 1941 466 2000 lauta.
489 1939 522 2012 Q.
534 1937 667 1998 Petillius
683 1937 800 2009 consul,
815 1949 855 1994 ne
871 1935 999 1995 absente
1013 1943 1045 1989 se
1058 1921 1136 1986 debel-
1160 1966 1161 1969 ι

178 2024 302 2093 leretur,
317 2024 431 2082 litteras
445 2023 487 2080 ud
501 2020 533 2080 C.
550 2020 708 2081 Claudiurn
723 2018 819 2091 misit,
841 2025 879 2078 ut
891 2029 963 2078 eum
976 2009 1099 2074 exercitu
1109 2001 1136 2061 td
1160 2048 1161 2053 ι

179 2119 215 2162 se
230 2105 262 2162 in
278 2105 403 2163 Galliam
419 2105 552 2163 reniretr
575 2103 693 2178 oernpis
707 2103 820 2162 Moeris
837 2117 874 2160 se
890 2113 960 2162 eum
974 2093 1138 2170 exspectio·

181 2202 256 2244 rum.
275 2186 387 2280 litteris
402 2185 538 2260 receptis
554 2185 697 2246 claudius
711 2202 752 2246 ex
765 2185 933 2259 Liguribus
949 2185 1047 2244 casua
1059 2169 1139 2237 molit

180 2276 411 2342 exercitumque
424 2268 466 2328 ad
482 2283 610 2343 campos
624 2269 746 2330 Macros
764 2267 887 2328 oonsuli
903 2263 1032 2328 tradidit.
1054 2255 1140 2319 eodem

181 2349 343 2447 [tempore]
351 2351 459 2426 patrois
473 2359 544 2427 post
555 2349 855 2436 diebusCNalerius
869 2349 978 2412 consul
990 2347 1062 2406 alter
1071 2335 1140 2398 vonit.
1161 2331 1163 2400 i

180 2429 222 2490 lbl
244 2433 352 2494 divisis
368 2435 482 2509 copiis,
505 2436 686 2510 priusquam
700 2434 951 2510 digrederentur,
972 2419 1141 2491 communiter
1162 2429 1163 2464 ι

181 2514 272 2576 ambo
288 2518 441 2578 exereitus
457 2520 671 2580 lustraverunt.
694 2526 756 2579 tum
771 2517 881 2590 sortiti,
899 2516 973 2592 quia
987 2527 1046 2572 non
1061 2506 1094 2567 eb
1106 2514 1141 2561 tt·
1162 2531 1163 2550 2

181 2596 253 2658 dem
273 2605 439 2675 auumque
459 2609 547 2676 nare
567 2602 695 2676 meren
711 2601 831 2662 lostam
848 2599 1006 2676 praeeunt,
1024 2588 1142 2665 regule

182 2695 260 2753 ‘luas
288 2689 433 2777 peterent.
467 2684 624 2756 Valerium
648 2685 810 2760 auspicato
835 2683 977 2744 sorbitium
1000 2669 1143 2738 consulat

183 2761 269 2834 quod
290 2768 449 2840 intemplo
469 2767 593 2828 luisset=
616 2769 645 2828 in
660 2767 776 2828 Petillio
795 2768 828 2828 id
840 2767 916 2827 vitio
932 2767 1044 2826 iactum
1058 2757 1145 2833 postea

183 2857 317 2940 augure}
332 2851 574 2925 resltonderunt,
590 2852 676 2928 quod
690 2858 778 2912 entra
792 2851 940 2926 templum
955 2851 1065 2908 sortem
1078 2837 1104 2896 in
1115 2829 1144 2890 si·

184 2923 286 3020 tellam
303 2934 493 3006 intemetum
512 2935 603 2995 latam
625 2935 700 2996 loris
722 2933 835 3011 ipsese*
851 2936 1017 3011 oporteret.
1039 2909 1145 3002 proiecti

184 3007 305 3102 tndem
326 3011 466 3078 diversas
486 3015 642 3092 regiones.
673 3017 810 3081 Petillios
828 3020 979 3080 adversus
993 2999 1147 3074 entismo

183 3086 249 3181 LPU
264 3106 377 3166 meum,
395 3100 480 3171 quod
496 3115 550 3160 eos
567 3109 687 3162 montes
700 3109 850 3179 perpetuo
862 3101 957 3164 dorso
968 3099 1046 3159 inter
1056 3084 1147 3172 solui·

183 3175 235 3243 811,
251 3182 354 3268 cestra
366 3178 480 3242 habuit.
503 3182 544 3243 ibi
560 3183 771 3248 adhortantem
787 3202 858 3249 eunt
874 3199 929 3261 pro
942 3163 1147 3244 condonentu-

185 3256 477 3351 leS,·1mrnemorenr
498 3265 704 3340 ambiguitatis
720 3269 821 3345 verbi,
842 3266 1008 3330 oruinaturn
1021 3257 1112 3320 lerunt
1122 3255 1148 3304 ⁵⁰

182 3348 222 3427 ‚⁰⁰
238 3335 289 3430 ΨΘ
303 3340 411 3404 Letum
427 3353 586 3420 caliturum
600 3361 683 3412 esse.
706 3353 827 3416 duabus
842 3351 932 3414 simul
946 3344 1078 3424 partibus
1092 3327 1149 3396 sub·

177 3423 232 3476 tro
243 3435 274 3478 tn
289 3423 440 3487 adversos
456 3443 575 3492 montes
590 3435 703 3512 eoepit.
736 3451 774 3498 ea
788 3452 876 3514 pers,
892 3436 923 3496 in
938 3446 999 3508 qua
1013 3428 1077 3502 ipse
1089 3415 1150 3478 orti
