2328 3870
227 231 341 292 LIBER
354 231 415 292 XL.
437 233 520 292 cnl).
535 241 580 296 36.
592 240 635 296 st.
658 241 693 308 [a.
707 241 740 294 C.
752 245 813 310 leo]
969 239 1011 303 85

1 357 2 361 “
49 389 109 455 tum,
130 389 164 441 ut
185 382 312 444 dimisso
339 397 430 456 quem
455 382 602 445 haberent
627 387 764 447 exercitu
788 399 1013 454 reverterentur

47 467 165 526 Romam.
189 465 229 525 de
239 465 282 524 Ti.
296 465 469 540 Sempronii
484 467 596 527 deinde
610 470 748 530 exercitu
763 479 863 544 aptum
877 482 934 535 est.
957 493 1011 537 no-

47 565 99 608 vam
116 549 271 625 legionem
291 548 321 608 ei
336 550 473 625 quinque
486 551 600 611 milium
614 558 645 612 et
659 553 861 616 ducentorum
875 557 1012 632 peditum

43 649 98 693 omn
116 633 273 709 equitibus
296 633 527 710 quadringentis
547 637 694 697 eonsules
716 639 854 700 scribere
868 640 961 714 iussi,
983 649 1014 702 et

41 718 108 777 mille
121 724 283 793 praeterea
298 716 434 792 peditum
449 719 673 796 Romanorum,
689 722 912 799 quinquaginta
926 726 1012 801 equi·

40 809 92 875 tes,
113 811 146 862 et
160 800 257 863 sociis
274 801 407 861 nominis
419 802 518 863 Latini
532 803 683 879 inperare
697 813 815 881 septem
831 807 913 868 milia
927 810 1013 884 pedi·

39 892 105 958 tam,
127 890 284 944 trecentos
304 886 433 960 equites.
470 903 539 948 cum
558 887 619 948 hoc
640 891 777 950 exercitu
794 891 909 966 placuit
922 890 967 952 ire
981 891 1012 952 in

38 967 208 1047 Hispaniam
222 969 390 1032 citeriorem
405 970 449 1029 Τί.
466 970 691 1046 Sempronium.
713 973 746 1046 Q.
761 972 867 1035 Fulvio
883 977 1012 1051 permis·

37 1069 95 1115 sum
115 1062 151 1116 ut
171 1055 224 1130 qui
244 1055 354 1114 milites
369 1060 440 1115 aute
454 1053 509 1131 Sp.
523 1055 711 1117 Postumium
726 1057 760 1131 Q.
775 1058 922 1118 Marcium
938 1075 1011 1120 con·

37 1139 110 1199 sales
134 1139 220 1199 cives
232 1138 362 1199 Romani
375 1138 494 1200 sociive
512 1139 543 1199 in
556 1141 737 1216 Hispaniam
751 1142 948 1216 uacrsportatl
963 1159 1012 1202 es·

36 1230 103 1297 sent,
120 1232 152 1283 et
165 1228 327 1298 praeterea
341 1225 556 1298 supplemento
568 1224 702 1284 adducto
717 1240 779 1298 quo
794 1226 925 1300 amplius
938 1226 1013 1285 duaa

35 1306 84 1367 bus
97 1307 274 1381 legionibus
290 1322 382 1382 quam
397 1307 505 1368 decem
519 1305 603 1368 milia
616 1315 646 1368 et
658 1307 871 1382 quadringenti
882 1308 1010 1384 pedites,

36 1391 166 1451 sexcenti
182 1391 301 1466 equites
316 1399 438 1466 essent,
459 1399 490 1452 et
503 1391 622 1452 socium
635 1389 734 1451 Latini
749 1391 881 1452 nominis
896 1393 1011 1454 duode-

36 1475 85 1534 cim
105 1473 205 1548 milia,
227 1475 367 1535 sexcenti
388 1475 523 1551 equites,
546 1491 678 1551 quorum
692 1475 762 1538 lorti
777 1492 874 1552 opera
888 1477 1011 1538 duobus

36 1559 180 1618 adversus
203 1557 372 1618 celtiberos
397 1559 522 1634 proeliis
542 1575 618 1620 usus
635 1558 668 1633 Q.
683 1559 810 1621 Fulvius
824 1567 923 1633 esset,
946 1575 1012 1634 eos,

34 1642 58 1701 si
70 1642 243 1715 videretur,
265 1656 371 1701 secum
391 1641 577 1717 deportaret.
607 1650 637 1702 et
650 1643 892 1719 supplicationes
907 1645 1013 1704 decre·

34 1732 90 1796 tae,
116 1725 202 1800 quod
216 1726 244 1784 is
258 1738 410 1800 prospere
429 1740 494 1784 rem
517 1727 669 1801 publicam
684 1725 843 1800 gessisset
876 1733 906 1786 et
920 1726 1013 1787 ceteri

34 1815 188 1882 praetores
203 1808 235 1867 in
249 1808 424 1883 provincias
439 1809 535 1869 missi.
565 1809 598 1882 Q.
613 1808 707 1869 Fabio
722 1810 851 1870 Buteoni
865 1825 1000 1885 proroga

33 1899 89 1951 mm
100 1893 132 1951 in
148 1891 246 1952 Gallia
259 1892 419 1966 imperium
434 1899 491 1952 est
522 1899 592 1952 octo
607 1893 744 1966 legiones
762 1900 883 1967 praeter
897 1892 1013 1951 exerci-

33 1982 89 2034 tum
103 1983 251 2049 veterem,
267 1976 320 2050 qui
336 1976 366 2035 in
377 1975 539 2048 Liguribus
555 1976 584 2034 in
601 1991 658 2050 spe
671 1977 845 2052 propinqua
856 1975 1013 2035 missionis

34 2066 101 2133 erat,
118 2075 156 2122 eo
172 2075 255 2119 anno
270 2073 342 2119 esse
357 2058 480 2133 placuit.
499 2055 545 2118 'et
558 2058 585 2119 is
600 2059 669 2134 ipse
684 2060 837 2120 exercitus
853 2075 945 2135 aegre
960 2073 1013 2118 ex·

33 2143 170 2216 piabatur
190 2150 319 2218 propter
338 2143 556 2218 pestilentiam,
578 2159 659 2219 quae
678 2144 738 2204 iam
758 2144 878 2204 tertium
900 2159 1013 2203 annum

34 2225 135 2286 mbem
148 2227 320 2286 Romanam
335 2234 429 2302 atque
442 2227 558 2287 ltaliam
572 2227 721 2289 vastabat.
751 2227 900 2288 XXXVII.
924 2242 1012 2303 prae·

33 2315 77 2369 tor
87 2310 131 2370 Ti.
146 2309 311 2385 diluamus,
326 2317 357 2370 et
370 2309 453 2370 haud
467 2310 509 2371 ita
521 2313 615 2372 multo
629 2318 703 2386 post
716 2313 826 2374 consul
841 2312 872 2372 C.
889 2312 1012 2386 calpur-

34 2392 98 2454 nius
111 2394 251 2468 moritur,
265 2395 412 2469 multique
427 2394 477 2452 alii
492 2397 626 2456 omnium
641 2395 780 2456 ordinum
796 2396 930 2456 illustres
945 2393 1013 2452 viri.

34 2484 187 2550 postremo
208 2477 341 2552 prodigii
361 2479 431 2537 loco
453 2493 490 2538 ea
510 2477 615 2539 clades
636 2477 741 2538 haberi
762 2485 873 2554 coepta
893 2485 949 2538 est.
981 2475 1013 2535 0.

35 2557 178 2622 Servilius
192 2561 332 2637 pontifex
347 2559 497 2622 maximus
513 2563 634 2636 piacula
648 2563 712 2621 icae
723 2562 815 2622 deum
831 2561 1014 2634 conquirere

34 2643 141 2718 iussus,
158 2642 326 2704 decemviri
339 2645 434 2704 libros
449 2644 613 2721 inspicere,
628 2645 737 2704 consul
747 2643 884 2719 Apollini
895 2648 1013 2701 Aescu·

33 2725 109 2802 lapio
131 2727 232 2789 Saluti
256 2728 340 2788 dona
359 2741 474 2788 vovere
494 2735 525 2789 et
544 2729 620 2788 darc
640 2727 729 2802 signa
748 2728 902 2787 inauratae
932 2739 1013 2800 quae

33 2812 112 2872 vovit
125 2811 286 2886 deditque.
308 2811 472 2871 decemviri
483 2811 740 2888 supplicationem
750 2811 781 2870 in
793 2810 919 2872 biduum
931 2811 1013 2870 vale·

32 2895 140 2956 tudinis
164 2909 260 2956 causa
274 2895 306 2953 in
324 2893 400 2955 urbe
420 2901 451 2954 et
470 2910 526 2970 per
545 2895 648 2956 omnia
668 2895 735 2955 ioca
750 2894 1014 2970 conciliabulaque

33 2977 206 3039 edixerunt=
238 2977 370 3038 maiores
398 2978 562 3041 duodecim
587 2977 675 3038 annis
698 2994 804 3040 omnes
826 2979 964 3040 coronati
985 2986 1016 3038 et

32 3059 165 3122 lauream
185 3063 217 3122 in
236 3077 329 3123 manu
349 3068 489 3124 tenentes
509 3062 770 3138 supplicaverunt.
803 3064 919 3124 fraudis
935 3078 1013 3137 quo·

33 3159 89 3218 que
109 3145 265 3206 humanae
285 3145 496 3206 insinuaverat
513 3145 652 3221 suspicio
667 3147 793 3218 animis;
820 3155 852 3208 et
873 3145 1013 3207 veneficii

33 3231 171 3302 quaestio
186 3245 226 3289 ex
241 3237 369 3290 senatus
385 3231 536 3306 consulto,
553 3230 636 3305 quod
650 3230 681 3289 in
696 3231 772 3290 urbe
782 3232 952 3307 propiusve
962 3245 1013 3289 ur·

32 3309 98 3372 bem
113 3314 223 3374 decem
239 3312 371 3373 millibus
386 3327 535 3388 passuum
551 3320 636 3374 esset
650 3314 863 3388 commissum,
879 3313 911 3373 C.
926 3313 1013 3370 Clau-

34 3392 80 3454 dio
97 3395 243 3472 praetori,
260 3397 312 3472 qui
326 3394 356 3456 in
372 3397 473 3456 locum
487 3396 530 3456 Ti.
542 3395 666 3456 Minucii
680 3403 745 3456 erat
762 3395 919 3464 suffectus,
934 3393 1014 3450 ultra

35 3475 182 3540 decimum
206 3479 339 3556 lapidem
363 3495 420 3555 per
443 3479 510 3540 lora
535 3478 799 3550 conciliabulaque
825 3477 856 3535 c.
882 3471 1014 3540 Maeuio,
