<?xml version="1.0" encoding="UTF-8"?>
<!DOCTYPE html PUBLIC "-//W3C//DTD XHTML 1.0 Transitional//EN"
    "http://www.w3.org/TR/xhtml1/DTD/xhtml1-transitional.dtd">
<html xmlns="http://www.w3.org/1999/xhtml" xml:lang="en" lang="en">
 <head>
  <title>
</title>
<meta http-equiv="Content-Type" content="text/html;charset=utf-8" />
  <meta name='ocr-system' content='tesseract 3.04.00' />
  <meta name='ocr-capabilities' content='ocr_page ocr_carea ocr_par ocr_line ocrx_word'/>
</head>
<body>
  <div class='ocr_page' id='page_1' title='image "./titiliviaburbec01livygoog_0202.png"; bbox 0 0 2364 3862; ppageno 0'>
   <div class='ocr_carea' id='block_1_1' title="bbox 202 193 1007 273">
    <p class='ocr_par' dir='ltr' id='par_1_1' title="bbox 202 193 1007 273">
     <span class='ocr_line' id='line_1_1' title="bbox 202 193 1007 273; baseline -0.005 -13"><span class='ocrx_word' id='word_1_1' title='bbox 202 193 263 260; x_wconf 80' lang='lat' dir='ltr'>lio</span> <span class='ocrx_word' id='word_1_2' title='bbox 361 194 574 254; x_wconf 75' lang='lat' dir='ltr'>LiBERxLss.</span> <span class='ocrx_word' id='word_1_3' title='bbox 598 193 791 255; x_wconf 73' lang='lat' dir='ltr'>chastes.</span> <span class='ocrx_word' id='word_1_4' title='bbox 814 194 1007 273; x_wconf 66' lang='lat' dir='ltr'>[arcessa]</span> 
     </span>
    </p>
   </div>
   <div class='ocr_carea' id='block_1_2' title="bbox 201 342 1153 506">
    <p class='ocr_par' dir='ltr' id='par_1_2' title="bbox 201 342 1153 506">
     <span class='ocr_line' id='line_1_2' title="bbox 201 342 1153 422; baseline -0.002 -14"><span class='ocrx_word' id='word_1_5' title='bbox 201 363 271 408; x_wconf 90' lang='lat' dir='ltr'>uam</span> <span class='ocrx_word' id='word_1_6' title='bbox 293 353 394 406; x_wconf 89' lang='lat' dir='ltr'>castra</span> <span class='ocrx_word' id='word_1_7' title='bbox 414 342 524 417; x_wconf 89' lang='lat' dir='ltr'>movit,</span> <span class='ocrx_word' id='word_1_8' title='bbox 550 344 621 404; x_wconf 90' lang='lat' dir='ltr'>inde</span> <span class='ocrx_word' id='word_1_9' title='bbox 642 350 767 418; x_wconf 90' lang='lat' dir='ltr'>postero</span> <span class='ocrx_word' id='word_1_10' title='bbox 784 343 833 403; x_wconf 91' lang='lat' dir='ltr'>die</span> <span class='ocrx_word' id='word_1_11' title='bbox 849 344 1015 422; x_wconf 83' lang='lat' dir='ltr'><strong>Gyrtonem</strong></span> <span class='ocrx_word' id='word_1_12' title='bbox 1031 343 1153 418; x_wconf 83' lang='lat' dir='ltr'>peruenit</span> 
     </span>
     <span class='ocr_line' id='line_1_3' title="bbox 202 427 1152 506; baseline -0.002 -14"><span class='ocrx_word' id='word_1_13' title='bbox 202 447 264 506; x_wconf 90' lang='lat' dir='ltr'>quo</span> <span class='ocrx_word' id='word_1_14' title='bbox 286 444 354 490; x_wconf 90' lang='lat' dir='ltr'>cum</span> <span class='ocrx_word' id='word_1_15' title='bbox 374 430 407 489; x_wconf 87' lang='grc' dir='ltr'>Τ.</span> <span class='ocrx_word' id='word_1_16' title='bbox 428 428 593 489; x_wconf 87' lang='lat' dir='ltr'>Minucium</span> <span class='ocrx_word' id='word_1_17' title='bbox 613 427 725 488; x_wconf 89' lang='lat' dir='ltr'>Ruium</span> <span class='ocrx_word' id='word_1_18' title='bbox 751 434 782 487; x_wconf 89' lang='lat' dir='ltr'>et</span> <span class='ocrx_word' id='word_1_19' title='bbox 800 427 944 503; x_wconf 82' lang='lat' dir='ltr'>Hippiam</span> <span class='ocrx_word' id='word_1_20' title='bbox 964 427 1152 490; x_wconf 80' lang='lat' dir='ltr'><strong>Thessalorum</strong></span> 
     </span>
    </p>
   </div>
   <div class='ocr_carea' id='block_1_3' title="bbox 99 509 1154 590">
    <p class='ocr_par' dir='ltr' id='par_1_3' title="bbox 99 509 1154 590">
     <span class='ocr_line' id='line_1_4' title="bbox 99 509 1154 590; baseline 0 -19"><span class='ocrx_word' id='word_1_21' title='bbox 99 565 102 571; x_wconf 90' lang='lat'>.</span> <span class='ocrx_word' id='word_1_22' title='bbox 202 520 375 590; x_wconf 82' lang='lat' dir='ltr'>praetorem</span> <span class='ocrx_word' id='word_1_23' title='bbox 390 527 459 572; x_wconf 89' lang='lat' dir='ltr'>cum</span> <span class='ocrx_word' id='word_1_24' title='bbox 473 509 628 586; x_wconf 89' lang='lat' dir='ltr'>praesidio</span> <span class='ocrx_word' id='word_1_25' title='bbox 643 511 774 571; x_wconf 80' lang='lat' dir='ltr'><strong>intrasse</strong></span> <span class='ocrx_word' id='word_1_26' title='bbox 786 509 970 586; x_wconf 79' lang='lat' dir='ltr'>accepisset,</span> <span class='ocrx_word' id='word_1_27' title='bbox 987 527 1025 570; x_wconf 90' lang='lat' dir='ltr'>ue</span> <span class='ocrx_word' id='word_1_28' title='bbox 1036 517 1154 586; x_wconf 89' lang='lat' dir='ltr'>temptata</span> 
     </span>
    </p>
   </div>
   <div class='ocr_carea' id='block_1_4' title="bbox 197 593 1171 3507">
    <p class='ocr_par' dir='ltr' id='par_1_4' title="bbox 200 593 1171 1668">
     <span class='ocr_line' id='line_1_5' title="bbox 203 593 1153 673; baseline -0.003 -16"><span class='ocrx_word' id='word_1_29' title='bbox 203 597 327 673; x_wconf 87' lang='lat' dir='ltr'>quidem</span> <span class='ocrx_word' id='word_1_30' title='bbox 342 594 572 670; x_wconf 78' lang='lat' dir='ltr'>oppugnatione</span> <span class='ocrx_word' id='word_1_31' title='bbox 585 601 844 669; x_wconf 85' lang='lat' dir='ltr'>praetergressus,</span> <span class='ocrx_word' id='word_1_32' title='bbox 858 593 989 654; x_wconf 81' lang='lat' dir='ltr'>Elatiam</span> <span class='ocrx_word' id='word_1_33' title='bbox 1000 601 1029 654; x_wconf 91' lang='lat' dir='ltr'>et</span> <span class='ocrx_word' id='word_1_34' title='bbox 1039 593 1153 654; x_wconf 83' lang='lat' dir='ltr'>Gonnum</span> 
     </span>
     <span class='ocr_line' id='line_1_6' title="bbox 202 676 1153 756; baseline -0.005 -15"><span class='ocrx_word' id='word_1_35' title='bbox 202 679 353 756; x_wconf 89' lang='lat' dir='ltr'>perculsis</span> <span class='ocrx_word' id='word_1_36' title='bbox 373 679 531 753; x_wconf 89' lang='lat' dir='ltr'>inopinato</span> <span class='ocrx_word' id='word_1_37' title='bbox 554 677 688 738; x_wconf 89' lang='lat' dir='ltr'>adventu</span> <span class='ocrx_word' id='word_1_38' title='bbox 714 676 878 754; x_wconf 88' lang='lat' dir='ltr'>oppidanis</span> <span class='ocrx_word' id='word_1_39' title='bbox 897 678 1026 752; x_wconf 88' lang='lat' dir='ltr'>recepit.</span> <span class='ocrx_word' id='word_1_40' title='bbox 1050 685 1153 754; x_wconf 88' lang='lat' dir='ltr'>utraque</span> 
     </span>
     <span class='ocr_line' id='line_1_7' title="bbox 202 760 1152 838; baseline -0.005 -13"><span class='ocrx_word' id='word_1_41' title='bbox 202 763 319 838; x_wconf 90' lang='lat' dir='ltr'>oppida</span> <span class='ocrx_word' id='word_1_42' title='bbox 338 762 369 821; x_wconf 89' lang='lat' dir='ltr'>in</span> <span class='ocrx_word' id='word_1_43' title='bbox 390 761 529 821; x_wconf 86' lang='lat' dir='ltr'>lancibus</span> <span class='ocrx_word' id='word_1_44' title='bbox 550 768 620 820; x_wconf 92' lang='lat' dir='ltr'>sunt</span> <span class='ocrx_word' id='word_1_45' title='bbox 634 777 696 834; x_wconf 87' lang='lat' dir='ltr'>qua</span> <span class='ocrx_word' id='word_1_46' title='bbox 708 761 821 834; x_wconf 83' lang='lat' dir='ltr'>Tempe</span> <span class='ocrx_word' id='word_1_47' title='bbox 836 760 964 832; x_wconf 89' lang='lat' dir='ltr'>adeunt,</span> <span class='ocrx_word' id='word_1_48' title='bbox 987 762 1079 836; x_wconf 87' lang='lat' dir='ltr'>magis</span> <span class='ocrx_word' id='word_1_49' title='bbox 1092 760 1152 821; x_wconf 91' lang='lat' dir='ltr'>Gou-</span> 
     </span>
     <span class='ocr_line' id='line_1_8' title="bbox 201 843 1152 920; baseline -0.005 -13"><span class='ocrx_word' id='word_1_50' title='bbox 201 863 270 907; x_wconf 91' lang='lat' dir='ltr'>nus.</span> <span class='ocrx_word' id='word_1_51' title='bbox 289 847 392 920; x_wconf 88' lang='lat' dir='ltr'>itaque</span> <span class='ocrx_word' id='word_1_52' title='bbox 413 851 444 904; x_wconf 87' lang='lat' dir='ltr'>et</span> <span class='ocrx_word' id='word_1_53' title='bbox 463 844 597 904; x_wconf 87' lang='lat' dir='ltr'>firmiore</span> <span class='ocrx_word' id='word_1_54' title='bbox 612 843 644 903; x_wconf 87' lang='lat' dir='ltr'>id</span> <span class='ocrx_word' id='word_1_55' title='bbox 660 843 813 919; x_wconf 88' lang='lat' dir='ltr'>praesidio</span> <span class='ocrx_word' id='word_1_56' title='bbox 828 851 925 906; x_wconf 90' lang='lat' dir='ltr'>tutum</span> <span class='ocrx_word' id='word_1_57' title='bbox 941 846 1074 920; x_wconf 88' lang='lat' dir='ltr'>equitum</span> <span class='ocrx_word' id='word_1_58' title='bbox 1087 844 1152 918; x_wconf 90' lang='lat' dir='ltr'>pedi·</span> 
     </span>
     <span class='ocr_line' id='line_1_9' title="bbox 202 925 1171 1003; baseline -0.004 -13"><span class='ocrx_word' id='word_1_59' title='bbox 202 939 341 1003; x_wconf 84' lang='lat' dir='ltr'>tumque,</span> <span class='ocrx_word' id='word_1_60' title='bbox 366 927 406 987; x_wconf 89' lang='lat' dir='ltr'>ad</span> <span class='ocrx_word' id='word_1_61' title='bbox 426 927 486 988; x_wconf 89' lang='lat' dir='ltr'>hoc</span> <span class='ocrx_word' id='word_1_62' title='bbox 508 929 595 988; x_wconf 84' lang='lat' dir='ltr'>lassa</span> <span class='ocrx_word' id='word_1_63' title='bbox 615 925 725 1003; x_wconf 88' lang='lat' dir='ltr'>tripiici</span> <span class='ocrx_word' id='word_1_64' title='bbox 739 943 776 987; x_wconf 91' lang='lat' dir='ltr'>ac</span> <span class='ocrx_word' id='word_1_65' title='bbox 791 928 871 987; x_wconf 90' lang='lat' dir='ltr'>valio</span> <span class='ocrx_word' id='word_1_66' title='bbox 887 928 1037 989; x_wconf 86' lang='lat' dir='ltr'>nrunitum</span> <span class='ocrx_word' id='word_1_67' title='bbox 1050 927 1152 1002; x_wconf 86' lang='lat' dir='ltr'>reliquit</span> <span class='ocrx_word' id='word_1_68' title='bbox 1170 977 1171 996; x_wconf 41' lang='lat'>2</span> 
     </span>
     <span class='ocr_line' id='line_1_10' title="bbox 202 997 1171 1099; baseline -0.003 -27"><span class='ocrx_word' id='word_1_69' title='bbox 202 1012 270 1086; x_wconf 92' lang='lat' dir='ltr'>ipse</span> <span class='ocrx_word' id='word_1_70' title='bbox 285 1013 325 1071; x_wconf 88' lang='lat' dir='ltr'>ad</span> <span class='ocrx_word' id='word_1_71' title='bbox 340 1010 502 1088; x_wconf 78' lang='lat' dir='ltr'>Sycurium</span> <span class='ocrx_word' id='word_1_72' title='bbox 518 1025 705 1086; x_wconf 84' lang='lat' dir='ltr'>progressus</span> <span class='ocrx_word' id='word_1_73' title='bbox 720 1009 855 1085; x_wconf 91' lang='lat' dir='ltr'>opperiri</span> <span class='ocrx_word' id='word_1_74' title='bbox 867 1011 908 1072; x_wconf 87' lang='lat' dir='ltr'>ibi</span> <span class='ocrx_word' id='word_1_75' title='bbox 920 1012 1054 1072; x_wconf 91' lang='lat' dir='ltr'>hostium</span> <span class='ocrx_word' id='word_1_76' title='bbox 1064 1010 1151 1070; x_wconf 88' lang='lat' dir='ltr'>adueu·</span> <span class='ocrx_word' id='word_1_77' title='bbox 1169 997 1171 1099; x_wconf 67' lang='grc' dir='ltr'>ξ</span> 
     </span>
     <span class='ocr_line' id='line_1_11' title="bbox 202 1093 1171 1169; baseline -0.002 -15"><span class='ocrx_word' id='word_1_78' title='bbox 202 1102 264 1155; x_wconf 91' lang='lat' dir='ltr'>tum</span> <span class='ocrx_word' id='word_1_79' title='bbox 285 1093 405 1163; x_wconf 86' lang='lat' dir='ltr'>statuit;</span> <span class='ocrx_word' id='word_1_80' title='bbox 427 1093 517 1155; x_wconf 88' lang='lat' dir='ltr'>sirnui</span> <span class='ocrx_word' id='word_1_81' title='bbox 538 1101 568 1155; x_wconf 90' lang='lat' dir='ltr'>et</span> <span class='ocrx_word' id='word_1_82' title='bbox 587 1095 762 1154; x_wconf 76' lang='lat' dir='ltr'>frumentari</span> <span class='ocrx_word' id='word_1_83' title='bbox 784 1095 900 1169; x_wconf 90' lang='lat' dir='ltr'>passim</span> <span class='ocrx_word' id='word_1_84' title='bbox 914 1093 1171 1160; x_wconf 76' lang='lat' dir='ltr'>exercitumiubett</span> 
     </span>
     <span class='ocr_line' id='line_1_12' title="bbox 203 1176 1151 1256; baseline -0.004 -17"><span class='ocrx_word' id='word_1_85' title='bbox 203 1180 232 1239; x_wconf 92' lang='lat' dir='ltr'>in</span> <span class='ocrx_word' id='word_1_86' title='bbox 248 1177 388 1238; x_wconf 89' lang='lat' dir='ltr'>subiecto</span> <span class='ocrx_word' id='word_1_87' title='bbox 402 1177 534 1239; x_wconf 91' lang='lat' dir='ltr'>hostium</span> <span class='ocrx_word' id='word_1_88' title='bbox 555 1193 640 1252; x_wconf 86' lang='lat' dir='ltr'>agro.</span> <span class='ocrx_word' id='word_1_89' title='bbox 662 1193 796 1253; x_wconf 89' lang='lat' dir='ltr'>namque</span> <span class='ocrx_word' id='word_1_90' title='bbox 810 1176 976 1256; x_wconf 85' lang='lat' dir='ltr'>Sycurium</span> <span class='ocrx_word' id='word_1_91' title='bbox 998 1186 1045 1239; x_wconf 91' lang='lat' dir='ltr'>est</span> <span class='ocrx_word' id='word_1_92' title='bbox 1057 1177 1151 1238; x_wconf 86' lang='lat' dir='ltr'>subra-</span> 
     </span>
     <span class='ocr_line' id='line_1_13' title="bbox 202 1255 1171 1356; baseline -0.004 -34"><span class='ocrx_word' id='word_1_93' title='bbox 202 1263 321 1322; x_wconf 89' lang='lat' dir='ltr'>dicibus</span> <span class='ocrx_word' id='word_1_94' title='bbox 344 1260 441 1322; x_wconf 87' lang='lat' dir='ltr'>Ossae</span> <span class='ocrx_word' id='word_1_95' title='bbox 461 1261 584 1322; x_wconf 89' lang='lat' dir='ltr'>montis.</span> <span class='ocrx_word' id='word_1_96' title='bbox 604 1277 665 1336; x_wconf 80' lang='lat' dir='ltr'>qua</span> <span class='ocrx_word' id='word_1_97' title='bbox 677 1261 707 1320; x_wconf 90' lang='lat' dir='ltr'>in</span> <span class='ocrx_word' id='word_1_98' title='bbox 723 1259 879 1321; x_wconf 89' lang='lat' dir='ltr'>meridiem</span> <span class='ocrx_word' id='word_1_99' title='bbox 894 1262 1004 1338; x_wconf 79' lang='lat' dir='ltr'>vergit</span> <span class='ocrx_word' id='word_1_100' title='bbox 1025 1255 1171 1356; x_wconf 57' lang='lat' dir='ltr'>subiectos}</span> 
     </span>
     <span class='ocr_line' id='line_1_14' title="bbox 201 1344 1171 1421; baseline -0.003 -17"><span class='ocrx_word' id='word_1_101' title='bbox 201 1345 292 1405; x_wconf 90' lang='lat' dir='ltr'>habet</span> <span class='ocrx_word' id='word_1_102' title='bbox 316 1344 493 1404; x_wconf 86' lang='lat' dir='ltr'>Tbessaiiae</span> <span class='ocrx_word' id='word_1_103' title='bbox 518 1360 660 1421; x_wconf 89' lang='lat' dir='ltr'>campos,</span> <span class='ocrx_word' id='word_1_104' title='bbox 686 1345 724 1404; x_wconf 90' lang='lat' dir='ltr'>ab</span> <span class='ocrx_word' id='word_1_105' title='bbox 745 1351 831 1420; x_wconf 88' lang='lat' dir='ltr'>tergo</span> <span class='ocrx_word' id='word_1_106' title='bbox 852 1344 1066 1406; x_wconf 87' lang='lat' dir='ltr'>Macedoniam</span> <span class='ocrx_word' id='word_1_107' title='bbox 1084 1349 1171 1418; x_wconf 80' lang='lat' dir='ltr'>atquc</span> 
     </span>
     <span class='ocr_line' id='line_1_15' title="bbox 200 1425 1150 1503; baseline -0.001 -17"><span class='ocrx_word' id='word_1_108' title='bbox 200 1428 399 1501; x_wconf 86' lang='lat' dir='ltr'>Magnesiam.</span> <span class='ocrx_word' id='word_1_109' title='bbox 422 1427 462 1486; x_wconf 87' lang='lat' dir='ltr'>ad</span> <span class='ocrx_word' id='word_1_110' title='bbox 482 1427 539 1486; x_wconf 91' lang='lat' dir='ltr'>has</span> <span class='ocrx_word' id='word_1_111' title='bbox 561 1428 803 1503; x_wconf 81' lang='lat' dir='ltr'>opportunitates</span> <span class='ocrx_word' id='word_1_112' title='bbox 824 1429 945 1489; x_wconf 89' lang='lat' dir='ltr'>accedit</span> <span class='ocrx_word' id='word_1_113' title='bbox 966 1444 1080 1490; x_wconf 91' lang='lat' dir='ltr'>summa</span> <span class='ocrx_word' id='word_1_114' title='bbox 1092 1425 1150 1487; x_wconf 88' lang='lat' dir='ltr'>salu·</span> 
     </span>
     <span class='ocr_line' id='line_1_16' title="bbox 200 1508 1151 1588; baseline -0.002 -18"><span class='ocrx_word' id='word_1_115' title='bbox 200 1508 295 1570; x_wconf 85' lang='lat' dir='ltr'>britas</span> <span class='ocrx_word' id='word_1_116' title='bbox 310 1510 454 1584; x_wconf 74' lang='lat' dir='ltr'>sinopis,</span> <span class='ocrx_word' id='word_1_117' title='bbox 468 1508 607 1585; x_wconf 91' lang='lat' dir='ltr'>pluribus</span> <span class='ocrx_word' id='word_1_118' title='bbox 619 1511 820 1572; x_wconf 85' lang='lat' dir='ltr'>circumiectis</span> <span class='ocrx_word' id='word_1_119' title='bbox 833 1511 980 1586; x_wconf 87' lang='lat' dir='ltr'>lontibus,</span> <span class='ocrx_word' id='word_1_120' title='bbox 1003 1509 1151 1588; x_wconf 84' lang='lat' dir='ltr'>perennium</span> 
     </span>
     <span class='ocr_line' id='line_1_17' title="bbox 201 1608 357 1668; baseline -0.013 -16"><span class='ocrx_word' id='word_1_121' title='bbox 201 1608 357 1668; x_wconf 86' lang='lat' dir='ltr'>uquarum.</span> 
     </span>
    </p>

    <p class='ocr_par' dir='ltr' id='par_1_5' title="bbox 197 1675 1170 3507">
     <span class='ocr_line' id='line_1_18' title="bbox 283 1675 1152 1752; baseline -0.005 -17"><span class='ocrx_word' id='word_1_122' title='bbox 283 1676 347 1736; x_wconf 90' lang='lat' dir='ltr'>LV.</span> <span class='ocrx_word' id='word_1_123' title='bbox 373 1675 487 1736; x_wconf 85' lang='lat' dir='ltr'>Consul</span> <span class='ocrx_word' id='word_1_124' title='bbox 508 1676 664 1738; x_wconf 88' lang='lat' dir='ltr'>Romanus</span> <span class='ocrx_word' id='word_1_125' title='bbox 684 1692 740 1752; x_wconf 91' lang='lat' dir='ltr'>per</span> <span class='ocrx_word' id='word_1_126' title='bbox 760 1679 887 1739; x_wconf 92' lang='lat' dir='ltr'>eosdem</span> <span class='ocrx_word' id='word_1_127' title='bbox 908 1681 979 1740; x_wconf 83' lang='lat' dir='ltr'>riies</span> <span class='ocrx_word' id='word_1_128' title='bbox 993 1675 1152 1740; x_wconf 86' lang='lat' dir='ltr'>&#39;ilressuiaa</span> 
     </span>
     <span class='ocr_line' id='line_1_19' title="bbox 201 1757 1151 1839; baseline -0.003 -19"><span class='ocrx_word' id='word_1_129' title='bbox 201 1775 269 1822; x_wconf 89' lang='lat' dir='ltr'>cum</span> <span class='ocrx_word' id='word_1_130' title='bbox 292 1759 428 1821; x_wconf 84' lang='lat' dir='ltr'>exercitu</span> <span class='ocrx_word' id='word_1_131' title='bbox 454 1767 563 1836; x_wconf 88' lang='lat' dir='ltr'>petens</span> <span class='ocrx_word' id='word_1_132' title='bbox 583 1759 639 1822; x_wconf 89' lang='lat' dir='ltr'>iter</span> <span class='ocrx_word' id='word_1_133' title='bbox 660 1762 836 1837; x_wconf 88' lang='lat' dir='ltr'>expeditum</span> <span class='ocrx_word' id='word_1_134' title='bbox 859 1763 958 1836; x_wconf 90' lang='lat' dir='ltr'>primo</span> <span class='ocrx_word' id='word_1_135' title='bbox 981 1779 1037 1839; x_wconf 88' lang='lat' dir='ltr'>per</span> <span class='ocrx_word' id='word_1_136' title='bbox 1054 1757 1151 1835; x_wconf 80' lang='lat' dir='ltr'>lipiruu</span> 
     </span>
     <span class='ocr_line' id='line_1_20' title="bbox 200 1842 1151 1920; baseline -0.004 -18"><span class='ocrx_word' id='word_1_137' title='bbox 200 1842 319 1913; x_wconf 84' lang='lat' dir='ltr'>babuit;</span> <span class='ocrx_word' id='word_1_138' title='bbox 342 1842 455 1904; x_wconf 90' lang='lat' dir='ltr'>deinde</span> <span class='ocrx_word' id='word_1_139' title='bbox 470 1853 632 1920; x_wconf 89' lang='lat' dir='ltr'>postquam</span> <span class='ocrx_word' id='word_1_140' title='bbox 643 1845 674 1904; x_wconf 91' lang='lat' dir='ltr'>in</span> <span class='ocrx_word' id='word_1_141' title='bbox 685 1843 895 1907; x_wconf 87' lang='lat' dir='ltr'>Athamaniam</span> <span class='ocrx_word' id='word_1_142' title='bbox 908 1854 957 1908; x_wconf 91' lang='lat' dir='ltr'>est</span> <span class='ocrx_word' id='word_1_143' title='bbox 969 1853 1151 1919; x_wconf 81' lang='lat' dir='ltr'>transgressus</span> 
     </span>
     <span class='ocr_line' id='line_1_21' title="bbox 202 1921 1151 2004; baseline -0.004 -16"><span class='ocrx_word' id='word_1_144' title='bbox 202 1927 304 2002; x_wconf 86' lang='lat' dir='ltr'>asperi</span> <span class='ocrx_word' id='word_1_145' title='bbox 325 1943 361 1987; x_wconf 91' lang='lat' dir='ltr'>ac</span> <span class='ocrx_word' id='word_1_146' title='bbox 377 1942 474 2003; x_wconf 90' lang='lat' dir='ltr'>prope</span> <span class='ocrx_word' id='word_1_147' title='bbox 489 1928 560 1988; x_wconf 86' lang='lat' dir='ltr'>inuii</span> <span class='ocrx_word' id='word_1_148' title='bbox 575 1929 649 2003; x_wconf 91' lang='lat' dir='ltr'>soli,</span> <span class='ocrx_word' id='word_1_149' title='bbox 667 1943 734 1988; x_wconf 87' lang='lat' dir='ltr'>cum</span> <span class='ocrx_word' id='word_1_150' title='bbox 756 1929 868 2004; x_wconf 83' lang='lat' dir='ltr'>ingenti</span> <span class='ocrx_word' id='word_1_151' title='bbox 883 1929 1061 1992; x_wconf 87' lang='lat' dir='ltr'>dillicultate</span> <span class='ocrx_word' id='word_1_152' title='bbox 1073 1921 1151 2002; x_wconf 82' lang='lat' dir='ltr'>paruis</span> 
     </span>
     <span class='ocr_line' id='line_1_22' title="bbox 204 2009 1170 2087; baseline -0.005 -17"><span class='ocrx_word' id='word_1_153' title='bbox 204 2009 359 2071; x_wconf 86' lang='lat' dir='ltr'>itineribus</span> <span class='ocrx_word' id='word_1_154' title='bbox 379 2026 471 2086; x_wconf 86' lang='lat' dir='ltr'>aegre</span> <span class='ocrx_word' id='word_1_155' title='bbox 493 2011 651 2087; x_wconf 87' lang='lat' dir='ltr'>Gomphos</span> <span class='ocrx_word' id='word_1_156' title='bbox 673 2015 827 2087; x_wconf 77' lang='lat' dir='ltr'>pervenit:</span> <span class='ocrx_word' id='word_1_157' title='bbox 862 2014 912 2076; x_wconf 86' lang='lat' dir='ltr'>oui</span> <span class='ocrx_word' id='word_1_158' title='bbox 934 2015 961 2076; x_wconf 92' lang='lat' dir='ltr'>si</span> <span class='ocrx_word' id='word_1_159' title='bbox 984 2011 1094 2074; x_wconf 88' lang='lat' dir='ltr'>vexatis</span> <span class='ocrx_word' id='word_1_160' title='bbox 1113 2009 1170 2086; x_wconf 33' lang='lat' dir='ltr'>hoff</span> 
     </span>
     <span class='ocr_line' id='line_1_23' title="bbox 202 2093 1152 2169; baseline 0.002 -16"><span class='ocrx_word' id='word_1_161' title='bbox 202 2093 332 2153; x_wconf 86' lang='lat' dir='ltr'>minibus</span> <span class='ocrx_word' id='word_1_162' title='bbox 344 2093 496 2169; x_wconf 88' lang='lat' dir='ltr'>equisque</span> <span class='ocrx_word' id='word_1_163' title='bbox 507 2094 635 2155; x_wconf 90' lang='lat' dir='ltr'>tironem</span> <span class='ocrx_word' id='word_1_164' title='bbox 645 2097 812 2159; x_wconf 90' lang='lat' dir='ltr'>exercitum</span> <span class='ocrx_word' id='word_1_165' title='bbox 823 2098 949 2158; x_wconf 87' lang='lat' dir='ltr'>ducenti</span> <span class='ocrx_word' id='word_1_166' title='bbox 961 2093 1152 2158; x_wconf 80' lang='lat' dir='ltr'>acieinstruou</span> 
     </span>
     <span class='ocr_line' id='line_1_24' title="bbox 201 2174 1152 2256; baseline 0.003 -21"><span class='ocrx_word' id='word_1_167' title='bbox 201 2185 230 2235; x_wconf 91' lang='lat' dir='ltr'>et</span> <span class='ocrx_word' id='word_1_168' title='bbox 244 2176 313 2236; x_wconf 89' lang='lat' dir='ltr'>loco</span> <span class='ocrx_word' id='word_1_169' title='bbox 330 2191 387 2238; x_wconf 92' lang='lat' dir='ltr'>suo</span> <span class='ocrx_word' id='word_1_170' title='bbox 404 2183 434 2236; x_wconf 90' lang='lat' dir='ltr'>et</span> <span class='ocrx_word' id='word_1_171' title='bbox 447 2183 584 2253; x_wconf 89' lang='lat' dir='ltr'>tempore</span> <span class='ocrx_word' id='word_1_172' title='bbox 600 2177 769 2242; x_wconf 88' lang='lat' dir='ltr'>obstitisset</span> <span class='ocrx_word' id='word_1_173' title='bbox 782 2197 847 2256; x_wconf 83' lang='lat' dir='ltr'>rex,</span> <span class='ocrx_word' id='word_1_174' title='bbox 861 2197 900 2240; x_wconf 89' lang='lat' dir='ltr'>ne</span> <span class='ocrx_word' id='word_1_175' title='bbox 915 2181 1046 2244; x_wconf 88' lang='lat' dir='ltr'>Romani</span> <span class='ocrx_word' id='word_1_176' title='bbox 1056 2174 1152 2256; x_wconf 81' lang='lat' dir='ltr'>quiden</span> 
     </span>
     <span class='ocr_line' id='line_1_25' title="bbox 201 2258 1151 2340; baseline -0.002 -24"><span class='ocrx_word' id='word_1_177' title='bbox 201 2258 338 2318; x_wconf 89' lang='lat' dir='ltr'>abnuunt</span> <span class='ocrx_word' id='word_1_178' title='bbox 356 2273 468 2332; x_wconf 84' lang='lat' dir='ltr'>magna</span> <span class='ocrx_word' id='word_1_179' title='bbox 488 2276 544 2329; x_wconf 91' lang='lat' dir='ltr'>sua</span> <span class='ocrx_word' id='word_1_180' title='bbox 565 2275 633 2320; x_wconf 87' lang='lat' dir='ltr'>cum</span> <span class='ocrx_word' id='word_1_181' title='bbox 648 2261 736 2322; x_wconf 89' lang='lat' dir='ltr'>clade</span> <span class='ocrx_word' id='word_1_182' title='bbox 757 2264 854 2326; x_wconf 88' lang='lat' dir='ltr'>luisse</span> <span class='ocrx_word' id='word_1_183' title='bbox 870 2274 1070 2340; x_wconf 86' lang='lat' dir='ltr'>pugnaturos.</span> <span class='ocrx_word' id='word_1_184' title='bbox 1089 2260 1169 2350; x_wconf 89' lang='lat' dir='ltr'>post-</span> 
     </span>
     <span class='ocr_line' id='line_1_26' title="bbox 201 2340 1169 2432; baseline 0.007 -33"><span class='ocrx_word' id='word_1_185' title='bbox 201 2354 292 2414; x_wconf 90' lang='lat' dir='ltr'>quam</span> <span class='ocrx_word' id='word_1_186' title='bbox 307 2340 464 2416; x_wconf 88' lang='lat' dir='ltr'>Gomphos</span> <span class='ocrx_word' id='word_1_187' title='bbox 479 2344 547 2404; x_wconf 90' lang='lat' dir='ltr'>sine</span> <span class='ocrx_word' id='word_1_188' title='bbox 561 2346 725 2406; x_wconf 88' lang='lat' dir='ltr'>certamine</span> <span class='ocrx_word' id='word_1_189' title='bbox 739 2355 863 2408; x_wconf 90' lang='lat' dir='ltr'>ventum</span> <span class='ocrx_word' id='word_1_190' title='bbox 878 2355 939 2421; x_wconf 88' lang='lat' dir='ltr'>est,</span> <span class='ocrx_word' id='word_1_191' title='bbox 971 2353 1087 2425; x_wconf 86' lang='lat' dir='ltr'>praeter</span> <span class='ocrx_word' id='word_1_192' title='bbox 1098 2355 1151 2417; x_wconf 80' lang='lat' dir='ltr'>gal·</span> <span class='ocrx_word' id='word_1_193' title='bbox 1167 2355 1169 2432; x_wconf 62' lang='lat' dir='ltr'>i</span> 
     </span>
     <span class='ocr_line' id='line_1_27' title="bbox 201 2421 1169 2508; baseline 0.009 -27"><span class='ocrx_word' id='word_1_194' title='bbox 201 2421 284 2482; x_wconf 90' lang='lat' dir='ltr'>dium</span> <span class='ocrx_word' id='word_1_195' title='bbox 305 2425 470 2499; x_wconf 90' lang='lat' dir='ltr'>periculosi</span> <span class='ocrx_word' id='word_1_196' title='bbox 493 2427 589 2488; x_wconf 90' lang='lat' dir='ltr'>saltus</span> <span class='ocrx_word' id='word_1_197' title='bbox 611 2431 746 2504; x_wconf 89' lang='lat' dir='ltr'>superati</span> <span class='ocrx_word' id='word_1_198' title='bbox 768 2438 963 2507; x_wconf 87' lang='lat' dir='ltr'>contemptus</span> <span class='ocrx_word' id='word_1_199' title='bbox 986 2424 1169 2508; x_wconf 82' lang='lat' dir='ltr'>quoquch⁰·i</span> 
     </span>
     <span class='ocr_line' id='line_1_28' title="bbox 201 2502 1168 2588; baseline -0.004 -23"><span class='ocrx_word' id='word_1_200' title='bbox 201 2502 294 2568; x_wconf 87' lang='lat' dir='ltr'>stium</span> <span class='ocrx_word' id='word_1_201' title='bbox 327 2508 405 2569; x_wconf 89' lang='lat' dir='ltr'>adeo</span> <span class='ocrx_word' id='word_1_202' title='bbox 436 2510 639 2585; x_wconf 88' lang='lat' dir='ltr'>ignorantium</span> <span class='ocrx_word' id='word_1_203' title='bbox 664 2516 910 2588; x_wconf 89' lang='lat' dir='ltr'>opportunitates</span> <span class='ocrx_word' id='word_1_204' title='bbox 936 2531 1012 2578; x_wconf 89' lang='lat' dir='ltr'>suas</span> <span class='ocrx_word' id='word_1_205' title='bbox 1038 2505 1168 2573; x_wconf 34' lang='lat' dir='ltr'>accessit*</span> 
     </span>
     <span class='ocr_line' id='line_1_29' title="bbox 201 2589 1168 2669; baseline -0.001 -19"><span class='ocrx_word' id='word_1_206' title='bbox 201 2589 355 2652; x_wconf 85' lang='lat' dir='ltr'>sacrificio</span> <span class='ocrx_word' id='word_1_207' title='bbox 375 2593 432 2654; x_wconf 90' lang='lat' dir='ltr'>rite</span> <span class='ocrx_word' id='word_1_208' title='bbox 452 2595 588 2669; x_wconf 85' lang='lat' dir='ltr'>perlecto</span> <span class='ocrx_word' id='word_1_209' title='bbox 610 2598 717 2657; x_wconf 87' lang='lat' dir='ltr'>consui</span> <span class='ocrx_word' id='word_1_210' title='bbox 738 2605 768 2658; x_wconf 91' lang='lat' dir='ltr'>et</span> <span class='ocrx_word' id='word_1_211' title='bbox 781 2599 932 2660; x_wconf 86' lang='lat' dir='ltr'>tramenta</span> <span class='ocrx_word' id='word_1_212' title='bbox 948 2599 1020 2661; x_wconf 89' lang='lat' dir='ltr'>dato</span> <span class='ocrx_word' id='word_1_213' title='bbox 1035 2591 1168 2656; x_wconf 75' lang='lat' dir='ltr'>militibus</span> 
     </span>
     <span class='ocr_line' id='line_1_30' title="bbox 200 2677 1151 2759; baseline -0.005 -26"><span class='ocrx_word' id='word_1_214' title='bbox 200 2688 320 2748; x_wconf 88' lang='lat' dir='ltr'>paucos</span> <span class='ocrx_word' id='word_1_215' title='bbox 344 2677 384 2736; x_wconf 89' lang='lat' dir='ltr'>ad</span> <span class='ocrx_word' id='word_1_216' title='bbox 408 2679 545 2753; x_wconf 90' lang='lat' dir='ltr'>requiem</span> <span class='ocrx_word' id='word_1_217' title='bbox 570 2681 770 2740; x_wconf 89' lang='lat' dir='ltr'>iumentorum</span> <span class='ocrx_word' id='word_1_218' title='bbox 794 2681 1016 2759; x_wconf 90' lang='lat' dir='ltr'>hominumque</span> <span class='ocrx_word' id='word_1_219' title='bbox 1041 2679 1151 2738; x_wconf 85' lang='lat' dir='ltr'>moratus</span> 
     </span>
     <span class='ocr_line' id='line_1_31' title="bbox 200 2756 1150 2841; baseline -0.003 -26"><span class='ocrx_word' id='word_1_220' title='bbox 200 2756 284 2829; x_wconf 81' lang='lat' dir='ltr'>dica,</span> <span class='ocrx_word' id='word_1_221' title='bbox 306 2775 375 2819; x_wconf 90' lang='lat' dir='ltr'>cum</span> <span class='ocrx_word' id='word_1_222' title='bbox 390 2761 509 2821; x_wconf 89' lang='lat' dir='ltr'>audiret</span> <span class='ocrx_word' id='word_1_223' title='bbox 522 2762 627 2835; x_wconf 90' lang='lat' dir='ltr'>vagari</span> <span class='ocrx_word' id='word_1_224' title='bbox 642 2761 828 2824; x_wconf 85' lang='lat' dir='ltr'>Macedonas</span> <span class='ocrx_word' id='word_1_225' title='bbox 844 2765 963 2827; x_wconf 83' lang='lat' dir='ltr'>effusos</span> <span class='ocrx_word' id='word_1_226' title='bbox 980 2781 1035 2841; x_wconf 92' lang='lat' dir='ltr'>per</span> <span class='ocrx_word' id='word_1_227' title='bbox 1047 2761 1150 2822; x_wconf 88' lang='lat' dir='ltr'>Thessa·</span> 
     </span>
     <span class='ocr_line' id='line_1_32' title="bbox 199 2835 1150 2921; baseline -0.003 -26"><span class='ocrx_word' id='word_1_228' title='bbox 199 2838 269 2896; x_wconf 90' lang='lat' dir='ltr'>iiam</span> <span class='ocrx_word' id='word_1_229' title='bbox 285 2844 462 2917; x_wconf 86' lang='lat' dir='ltr'>vastarique</span> <span class='ocrx_word' id='word_1_230' title='bbox 476 2845 629 2904; x_wconf 83' lang='lat' dir='ltr'>sociorum</span> <span class='ocrx_word' id='word_1_231' title='bbox 645 2859 753 2921; x_wconf 85' lang='lat' dir='ltr'>agros,</span> <span class='ocrx_word' id='word_1_232' title='bbox 774 2849 850 2908; x_wconf 91' lang='lat' dir='ltr'>satis</span> <span class='ocrx_word' id='word_1_233' title='bbox 865 2849 925 2908; x_wconf 91' lang='lat' dir='ltr'>iarn</span> <span class='ocrx_word' id='word_1_234' title='bbox 939 2851 1083 2910; x_wconf 85' lang='lat' dir='ltr'>relectum</span> <span class='ocrx_word' id='word_1_235' title='bbox 1095 2835 1150 2900; x_wconf 90' lang='lat' dir='ltr'>mili·</span> 
     </span>
     <span class='ocr_line' id='line_1_33' title="bbox 199 2922 1151 2993; baseline 0.002 -17"><span class='ocrx_word' id='word_1_236' title='bbox 199 2924 258 2977; x_wconf 91' lang='lat' dir='ltr'>tem</span> <span class='ocrx_word' id='word_1_237' title='bbox 274 2922 313 2980; x_wconf 90' lang='lat' dir='ltr'>ad</span> <span class='ocrx_word' id='word_1_238' title='bbox 334 2923 469 2985; x_wconf 89' lang='lat' dir='ltr'>Larisam</span> <span class='ocrx_word' id='word_1_239' title='bbox 486 2926 577 2986; x_wconf 87' lang='lat' dir='ltr'>ducit.</span> <span class='ocrx_word' id='word_1_240' title='bbox 599 2927 670 2986; x_wconf 88' lang='lat' dir='ltr'>inde</span> <span class='ocrx_word' id='word_1_241' title='bbox 691 2945 759 2991; x_wconf 87' lang='lat' dir='ltr'>cum</span> <span class='ocrx_word' id='word_1_242' title='bbox 775 2932 832 2992; x_wconf 90' lang='lat' dir='ltr'>tria</span> <span class='ocrx_word' id='word_1_243' title='bbox 847 2932 929 2992; x_wconf 91' lang='lat' dir='ltr'>milia</span> <span class='ocrx_word' id='word_1_244' title='bbox 944 2934 1039 2993; x_wconf 84' lang='lat' dir='ltr'>terme</span> <span class='ocrx_word' id='word_1_245' title='bbox 1052 2922 1151 2988; x_wconf 85' lang='lat' dir='ltr'>abesset</span> 
     </span>
     <span class='ocr_line' id='line_1_34' title="bbox 199 3002 1150 3090; baseline 0.006 -32"><span class='ocrx_word' id='word_1_246' title='bbox 199 3016 218 3058; x_wconf 95' lang='lat' dir='ltr'>a</span> <span class='ocrx_word' id='word_1_247' title='bbox 237 3002 352 3078; x_wconf 87' lang='lat' dir='ltr'>Tripoli</span> <span class='ocrx_word' id='word_1_248' title='bbox 373 3039 415 3055; x_wconf 90' lang='lat'>-</span> <span class='ocrx_word' id='word_1_249' title='bbox 436 3008 563 3068; x_wconf 88' lang='lat' dir='ltr'>Scaeam</span> <span class='ocrx_word' id='word_1_250' title='bbox 587 3019 697 3072; x_wconf 89' lang='lat' dir='ltr'>vocant</span> <span class='ocrx_word' id='word_1_251' title='bbox 715 3047 766 3089; x_wconf 90' lang='lat'>-,</span> <span class='ocrx_word' id='word_1_252' title='bbox 788 3031 884 3090; x_wconf 91' lang='lat' dir='ltr'>super</span> <span class='ocrx_word' id='word_1_253' title='bbox 902 3015 1035 3076; x_wconf 89' lang='lat' dir='ltr'>Peneum</span> <span class='ocrx_word' id='word_1_254' title='bbox 1055 3015 1150 3071; x_wconf 82' lang='lat' dir='ltr'>amnem</span> 
     </span>
     <span class='ocr_line' id='line_1_35' title="bbox 200 3087 1152 3180; baseline 0.001 -32"><span class='ocrx_word' id='word_1_255' title='bbox 200 3087 305 3180; x_wconf 75' lang='lat' dir='ltr'>posuit</span> <span class='ocrx_word' id='word_1_256' title='bbox 324 3097 435 3150; x_wconf 88' lang='lat' dir='ltr'>castra.</span> <span class='ocrx_word' id='word_1_257' title='bbox 458 3107 514 3166; x_wconf 94' lang='lat' dir='ltr'>per</span> <span class='ocrx_word' id='word_1_258' title='bbox 533 3091 614 3152; x_wconf 91' lang='lat' dir='ltr'>idem</span> <span class='ocrx_word' id='word_1_259' title='bbox 636 3101 756 3171; x_wconf 90' lang='lat' dir='ltr'>tempus</span> <span class='ocrx_word' id='word_1_260' title='bbox 772 3097 927 3159; x_wconf 81' lang='lat' dir='ltr'>Eumenes</span> <span class='ocrx_word' id='word_1_261' title='bbox 948 3099 988 3159; x_wconf 89' lang='lat' dir='ltr'>ad</span> <span class='ocrx_word' id='word_1_262' title='bbox 1004 3089 1152 3158; x_wconf 78' lang='lat' dir='ltr'>Chalcidem</span> 
     </span>
     <span class='ocr_line' id='line_1_36' title="bbox 199 3169 1154 3262; baseline 0.008 -39"><span class='ocrx_word' id='word_1_263' title='bbox 199 3169 329 3262; x_wconf 79' lang='lat' dir='ltr'>nauibus</span> <span class='ocrx_word' id='word_1_264' title='bbox 357 3175 488 3235; x_wconf 89' lang='lat' dir='ltr'>accessit</span> <span class='ocrx_word' id='word_1_265' title='bbox 513 3192 580 3237; x_wconf 86' lang='lat' dir='ltr'>cum</span> <span class='ocrx_word' id='word_1_266' title='bbox 604 3177 706 3239; x_wconf 87' lang='lat' dir='ltr'>Attalo</span> <span class='ocrx_word' id='word_1_267' title='bbox 733 3187 825 3256; x_wconf 85' lang='lat' dir='ltr'>atque</span> <span class='ocrx_word' id='word_1_268' title='bbox 851 3182 1009 3242; x_wconf 90' lang='lat' dir='ltr'>Athenaeo</span> <span class='ocrx_word' id='word_1_269' title='bbox 1031 3171 1122 3238; x_wconf 82' lang='lat' dir='ltr'>fratrib</span> <span class='ocrx_word' id='word_1_270' title='bbox 1142 3182 1154 3211; x_wconf 73' lang='lat'><em>³</em></span> 
     </span>
     <span class='ocr_line' id='line_1_37' title="bbox 197 3248 1144 3338; baseline 0.014 -32"><span class='ocrx_word' id='word_1_271' title='bbox 197 3248 368 3316; x_wconf 84' lang='lat' dir='ltr'>Philetaero</span> <span class='ocrx_word' id='word_1_272' title='bbox 389 3258 481 3319; x_wconf 82' lang='lat' dir='ltr'>tratre</span> <span class='ocrx_word' id='word_1_273' title='bbox 500 3259 606 3322; x_wconf 90' lang='lat' dir='ltr'>relicto</span> <span class='ocrx_word' id='word_1_274' title='bbox 628 3260 768 3337; x_wconf 84' lang='lat' dir='ltr'>Pergami</span> <span class='ocrx_word' id='word_1_275' title='bbox 789 3265 828 3324; x_wconf 90' lang='lat' dir='ltr'>ad</span> <span class='ocrx_word' id='word_1_276' title='bbox 850 3267 973 3326; x_wconf 91' lang='lat' dir='ltr'>tutelam</span> <span class='ocrx_word' id='word_1_277' title='bbox 988 3261 1112 3338; x_wconf 84' lang='lat' dir='ltr'>regnic</span> <span class='ocrx_word' id='word_1_278' title='bbox 1142 3276 1144 3295; x_wconf 79' lang='lat'><strong>¹</strong></span> 
     </span>
     <span class='ocr_line' id='line_1_38' title="bbox 198 3333 1149 3425; baseline 0.002 -35"><span class='ocrx_word' id='word_1_279' title='bbox 198 3333 299 3395; x_wconf 82' lang='lat' dir='ltr'>Attalo</span> <span class='ocrx_word' id='word_1_280' title='bbox 317 3347 347 3400; x_wconf 91' lang='lat' dir='ltr'>et</span> <span class='ocrx_word' id='word_1_281' title='bbox 362 3349 504 3415; x_wconf 89' lang='lat' dir='ltr'>quattuor</span> <span class='ocrx_word' id='word_1_282' title='bbox 519 3343 638 3404; x_wconf 91' lang='lat' dir='ltr'>milibus</span> <span class='ocrx_word' id='word_1_283' title='bbox 656 3345 790 3420; x_wconf 93' lang='lat' dir='ltr'>peditum</span> <span class='ocrx_word' id='word_1_284' title='bbox 805 3348 886 3408; x_wconf 90' lang='lat' dir='ltr'>mille</span> <span class='ocrx_word' id='word_1_285' title='bbox 901 3349 1034 3425; x_wconf 88' lang='lat' dir='ltr'>equitum</span> <span class='ocrx_word' id='word_1_286' title='bbox 1048 3342 1149 3404; x_wconf 85' lang='lat' dir='ltr'>adcor·</span> 
     </span>
     <span class='ocr_line' id='line_1_39' title="bbox 198 3416 1152 3507; baseline 0.019 -34"><span class='ocrx_word' id='word_1_287' title='bbox 198 3416 295 3478; x_wconf 87' lang='lat' dir='ltr'>sulem</span> <span class='ocrx_word' id='word_1_288' title='bbox 311 3423 409 3485; x_wconf 89' lang='lat' dir='ltr'>venit=</span> <span class='ocrx_word' id='word_1_289' title='bbox 433 3426 576 3489; x_wconf 88' lang='lat' dir='ltr'>Chalcide</span> <span class='ocrx_word' id='word_1_290' title='bbox 597 3429 701 3488; x_wconf 85' lang='lat' dir='ltr'>relicta</span> <span class='ocrx_word' id='word_1_291' title='bbox 716 3429 777 3490; x_wconf 90' lang='lat' dir='ltr'>dua</span> <span class='ocrx_word' id='word_1_292' title='bbox 793 3429 874 3492; x_wconf 90' lang='lat' dir='ltr'>milia</span> <span class='ocrx_word' id='word_1_293' title='bbox 889 3431 1037 3507; x_wconf 86' lang='lat' dir='ltr'>peditum,</span> <span class='ocrx_word' id='word_1_294' title='bbox 1059 3421 1152 3502; x_wconf 73' lang='lat' dir='ltr'>quibui</span> 
     </span>
    </p>
   </div>
   <div class='ocr_carea' id='block_1_5' title="bbox 0 0 1186 3862">
    <p class='ocr_par' dir='ltr' id='par_1_6' title="bbox 0 0 1186 3862">
     <span class='ocr_line' id='line_1_40' title="bbox 0 0 1186 3862; baseline 0 0"><span class='ocrx_word' id='word_1_295' title='bbox 0 0 1186 3862; x_wconf 95' lang='lat' dir='ltr'> </span> 
     </span>
    </p>
   </div>
  </div>
 </body>
</html>
