2424 3872
223 218 336 279 LIBER
350 217 481 279 XXXIX.
505 216 589 276 cAP.
603 224 648 280 la.
660 223 705 280 ts.
727 221 763 289 [a.
776 221 808 276 c.
821 220 882 288 183]
989 213 1030 277 4⁵

145 371 271 446 Legatos
285 371 315 430 in
329 371 540 457 Macedopiam
555 369 588 445 Q.
603 369 736 432 Marcius
758 377 806 431 est
825 370 954 445 missus,
970 371 1031 431 ius·

80 470 121 515 sus
136 454 209 514 idem
223 456 251 515 in
268 455 480 530 Peloponneso
499 455 654 517 sociorum
668 470 718 514 res
734 455 884 530 aspicere.
908 471 978 516 nam
989 455 1030 515 ihi

79 552 182 615 quoque
196 546 225 599 et
238 555 277 600 ex
293 536 445 600 veteribus
462 539 626 600 discordiis
641 540 757 601 residui
772 545 872 602 motus
887 549 986 619 erant,
1002 549 1032 605 el

77 621 199 684 llessenii
219 624 411 685 desciverant
433 639 452 684 a
473 623 602 685 concilio
624 623 771 686 Achaico.
805 626 891 687 cuius
907 626 979 689 belli
1002 637 1032 690 et

78 721 170 768 causas
184 715 212 769 et
236 709 374 770 ordinem
400 708 427 769 si
451 722 632 784 expromere
656 709 762 784 velim,
790 710 949 772 immemor
974 714 1031 773 sim

77 793 218 866 propositi,
234 810 295 868 quo
307 794 397 855 statui
409 809 471 854 non
483 794 559 856 ultra
571 795 717 871 attingere
729 802 871 874 externa,
891 798 951 858 nisi
970 815 1030 874 qua

76 873 197 938 Romanis
213 878 413 938 cohaererent
426 878 530 941 rebus.
573 880 675 942 XLIX.
697 888 826 943 eventus
848 884 1029 944 memorabi-

73 956 103 1016 lis
115 965 167 1034 est,
182 962 265 1035 qnod
281 977 349 1022 cum
364 962 445 1023 bello
461 965 637 1039 superiores
652 972 757 1024 essent
775 965 907 1040 Achaei,
928 966 1029 1026 Philo·

73 1055 182 1113 poemen
195 1053 320 1120 praetor
338 1060 443 1107 eorum
461 1049 592 1122 capitur,
608 1048 648 1108 ad
668 1051 956 1125 praeoccupandam
971 1051 1028 1113 Co-

72 1139 162 1200 ronen,
177 1145 268 1203 quarn
280 1130 386 1190 hostes
398 1131 554 1206 petebant,
570 1130 604 1170 **
616 1131 646 1191 in
659 1134 738 1192 valle
749 1133 931 1207 iniquacum
943 1135 1028 1208 oqui·

72 1206 135 1269 ibus
154 1215 258 1286 paucis
280 1227 463 1290 oppressus.
499 1215 600 1289 ipsum
622 1217 761 1290 potuisse
781 1215 916 1290 effugere
936 1218 1027 1277 Thra-

73 1306 125 1353 cun
138 1294 383 1372 Cretensiumque
395 1298 507 1358 auxilio
519 1299 654 1358 tradunt:
671 1299 728 1360 sed
740 1300 844 1376 pudor
853 1299 1028 1376 relinquen·

73 1373 235 1456 diequites,
256 1381 466 1442 nobilissimos
486 1382 601 1458 gentis,
630 1383 667 1442 ab
688 1384 758 1460 ipso
781 1399 880 1460 nuper
900 1385 1025 1459 electos,

72 1462 153 1522 anull.
181 1465 293 1541 quibus
315 1464 387 1525 dum
408 1467 510 1526 locum
531 1467 569 1526 ad
594 1468 771 1528 evadendas
794 1469 952 1543 angustias
975 1485 1027 1530 co·

73 1546 151 1614 gendo
170 1547 237 1623 ipse
259 1563 370 1623 agmen
391 1549 531 1623 praebet,
553 1552 708 1612 sustinens
730 1552 861 1628 impetus
883 1552 1024 1624 hostium,

27 1629 29 1698 l
74 1628 192 1706 prolapso
208 1647 292 1708 equo
308 1639 337 1693 et
351 1649 408 1692 suo
423 1631 491 1708 ipse
506 1650 581 1694 casu
596 1642 626 1694 et
639 1649 732 1694 onere
753 1637 824 1710 equi
847 1650 942 1710 super
957 1651 1026 1696 eum

27 1711 29 1790 ξ
72 1715 163 1774 mentis
176 1715 261 1778 haud
275 1717 400 1776 multum
411 1717 500 1788 aluit,
519 1719 591 1793 quin
604 1713 836 1790 exanimaretur,
850 1719 1026 1794 septuagin-

27 1803 29 1854 i
72 1799 189 1860 hunnos
209 1800 273 1860 iam
287 1805 393 1873 natus,
409 1807 440 1860 et
460 1800 576 1860 diutino
599 1802 722 1873 morbo,
745 1817 785 1859 ex
810 1818 870 1876 quo
888 1809 950 1860 tum
965 1801 1027 1875 pri·

73 1891 132 1938 num
150 1883 358 1956 reficiebatur,
378 1884 494 1944 viribus
526 1883 689 1943 admodum
717 1884 889 1944 attenuatis.
925 1885 1026 1942 iacen-

28 1995 30 2044 ,
72 1965 115 2021 un
126 1963 225 2028 hostes
242 1969 400 2042 superfusi
414 1973 651 2043 oppresserunt;
667 1967 882 2041 cognitumque
897 1966 1027 2042 primum

29 2055 30 2120 ᾗ
73 2052 274 2112 averecundia
294 2051 503 2128 memoriaque
524 2051 699 2111 meritorum
720 2050 801 2110 haud
821 2065 912 2110 secus
935 2065 1026 2125 quam

29 2127 31 2198 ᾖ
61 2126 158 2190 ducem
180 2148 271 2196 suum
297 2136 435 2195 attollunt
458 2133 659 2211 reficiuntque
684 2141 715 2195 et
734 2149 774 2193 ex
789 2135 868 2194 valle
886 2135 977 2194 devia
996 2134 1025 2193 in

73 2210 133 2272 llam
145 2226 279 2291 portant,
305 2218 359 2277 vix
383 2217 504 2278 sibimet
528 2219 586 2294 ipsi
605 2235 679 2294 prae
704 2219 888 2294 necopinato
912 2218 1025 2293 gaudio

31 2308 33 2376 l
72 2296 222 2372 credentem
252 2319 324 2377 pars
350 2301 473 2362 nuntios
497 2301 661 2362 Messenen
681 2304 876 2377 praemittunt
892 2301 1024 2361 debella·

32 2391 34 2400 ¹
72 2381 118 2438 tun
131 2398 209 2459 esse,
223 2386 494 2461 Philopoemenem
513 2391 635 2461 captum
650 2385 770 2446 adduci.
801 2386 931 2461 primum
946 2386 1024 2444 adeo

33 2501 34 2546 3
73 2458 231 2530 incredibilis
247 2469 317 2530 visa
334 2483 401 2543 res,
415 2476 449 2529 ut
463 2485 523 2528 non
539 2485 595 2544 pro
620 2485 700 2528 vanc
722 2470 813 2529 modo
831 2471 888 2529 sed
902 2469 953 2527 vix
968 2483 1025 2542 pro

73 2558 130 2606 sano
142 2555 262 2614 nuntius
278 2552 441 2614 audiretur.
470 2553 582 2613 deinde
595 2560 629 2612 ut
642 2568 735 2628 super
748 2553 840 2612 alium
856 2552 933 2610 alius
945 2550 1025 2608 idem

34 2643 35 2666 l
74 2641 156 2694 omues
164 2637 360 2697 adfirmantes
369 2635 539 2710 veniebant,
551 2636 674 2695 tandem
688 2636 767 2694 lactu
778 2635 916 2703 fides;et
927 2633 1027 2709 prius·

75 2727 143 2784 liam
155 2721 404 2796 appropinquare
421 2718 489 2779 urhi
509 2720 584 2779 satis
605 2719 734 2793 scirent,
756 2717 797 2777 ad
818 2717 1026 2792 spectaculum

36 2859 37 2864 ,
75 2809 156 2860 omncs
170 2803 259 2864 simul
275 2803 361 2863 liberi
376 2817 413 2864 ac
433 2803 530 2878 servi,
552 2801 638 2878 pueri
660 2817 782 2878 quoque
805 2818 874 2863 cum
896 2801 1025 2878 feminis,

37 2901 38 2906 ¹
76 2876 253 2948 effunduntur.
273 2881 392 2962 'itaque
412 2889 585 2948 clauserant
607 2895 725 2962 portam
745 2885 848 2961 turba,
871 2886 942 2947 dum
967 2898 1025 2962 pro

76 2973 100 3018 it
110 2967 244 3047 quisque,
259 2971 318 3031 nisi
330 2970 398 3046 ipsc
413 2971 511 3032 oculis
523 2971 587 3030 suis
600 2971 791 3045 credidisset,
806 2971 858 3030 vix
874 2988 930 3047 pro
943 2987 1025 3031 com-

76 3056 140 3115 lem
148 3059 258 3115 tantam
272 3071 336 3115 rem
351 3053 511 3115 habiturus
526 3054 689 3116 videretur.
719 3069 811 3131 aegre
831 3071 1026 3116 summoven-

76 3129 109 3186 les
117 3133 215 3200 obvios
226 3139 339 3199 intrare
351 3145 469 3214 portam
482 3138 533 3214 qui
544 3138 738 3199 adducebant
747 3139 1024 3214 Philopoemenem,

40 3273 41 3288 ,
78 3219 219 3282 Potuerunt.
250 3238 351 3299 aeque
367 3223 504 3283 conferta
518 3221 607 3282 turha
621 3223 678 3283 iter
691 3224 842 3298 reliquum
858 3226 1025 3292 clauseram

78 3299 166 3361 ticum
180 3322 249 3381 pars
270 3306 405 3368 maxima
429 3305 556 3366 exclusa
577 3322 596 3365 a
616 3307 794 3382 spectaculo
817 3315 916 3382 esset,
940 3306 1025 3365 thea-

78 3379 135 3440 hum
145 3397 272 3464 repente,
290 3391 374 3467 quod
392 3389 597 3466 propinquum
616 3390 683 3450 viae
699 3397 771 3462 erat,
788 3392 1024 3466 compleverunt,

79 3466 135 3526 cut
147 3484 180 3529 eo
193 3489 221 3534 m
237 3481 431 3550 conspectum
443 3469 551 3552 po'puli
564 3473 779 3547 adduceretur,
794 3489 855 3532 una
868 3485 945 3530 voce
962 3483 1025 3527 om-
