2364 3862
217 198 329 260 LIBER
342 200 430 258 XLII.
454 199 537 259 CAP.
548 207 593 260 42.
604 208 648 262 4³.
665 207 701 275 [a.
714 205 746 258 C.
759 207 820 273 tlt]
961 200 1024 264 165

72 364 180 410 resnou
199 356 257 406 tam
278 363 394 434 aequos
413 365 505 422 quam
524 355 566 421 te,
590 349 624 423 Q.
639 349 750 423 Marci,
772 359 931 427 paternum
951 355 1025 413 arni-

11 429 13 468 ³
72 449 127 492 cum
140 439 167 490 et
179 431 345 506 hospitem,
365 431 524 491 habebam.
555 433 611 492 sed
636 435 772 494 nondum
792 436 920 496 Romam
934 452 1024 498 accu-

70 523 141 576 sator
153 514 303 576 Eumenes
324 523 466 590 venerat,
491 515 543 590 qui
564 518 776 578 calumniando
798 519 901 579 omnia
922 521 1024 581 detor·

69 599 233 674 queudoque
248 606 392 674 suspecta
406 606 436 658 et
450 599 548 659 invisa
563 600 712 674 efficeret,
728 609 757 660 et
771 603 960 677 persuadere
969 621 1023 664 vo·

11 683 13 702 ”
67 681 104 741 bis
118 691 271 743 conaretur
285 698 347 742 non
363 698 457 758 posse
472 681 629 742 Graeciam
644 685 675 743 in
689 684 827 746 libertate
841 702 913 746 esse
927 694 958 748 et
971 705 1024 748 ve-

11 823 12 844 2
68 774 117 825 stro
135 781 256 827 munere
278 766 352 839 imi,
375 766 478 841 quoad
501 782 628 841 regnum
648 767 850 832 Macedoniae
870 771 1024 832 incolume

11 851 13 922 t
68 858 142 910 esset.
165 851 386 924 circumagetur
397 849 447 909 hic
466 850 566 910 orbisr
581 853 636 912 erit
646 867 719 913 mox
733 853 786 928 qui
800 861 907 928 arguat
916 857 1023 932 nequi·

11 999 12 1004 ἵ
67 949 140 1007 quam
158 933 343 994 Antiochum
367 934 447 994 ultra
471 934 543 1006 iuga
563 936 652 994 Tauri
677 942 825 1009 emotum,
851 940 1023 1012 graviorem

11 1019 13 1040 ¹
65 1017 140 1076 multo
153 1017 248 1078 Asiae
271 1033 365 1093 quam
384 1016 555 1077 Antiochus
576 1019 666 1078 luerit
684 1019 841 1080 Eumenen
858 1037 945 1098 esse,
965 1038 1023 1083 nec

65 1102 266 1176 conquiescere
282 1101 387 1161 socios
400 1107 522 1162 vestros
542 1115 652 1175 posse,
669 1103 773 1177 quoad
786 1104 870 1178 regia
884 1105 1020 1180 Pergami

65 1183 104 1245 sit:
117 1200 179 1244 eam
193 1197 297 1246 arcem
312 1198 406 1260 supra
421 1185 522 1260 capita
536 1185 729 1245 finitimarum
745 1187 909 1247 civitatium
923 1189 1020 1264 impo-

64 1268 143 1328 sitam.
171 1285 228 1344 ego
243 1269 338 1344 haec,
356 1267 388 1342 Q.
404 1268 498 1327 Marci
513 1275 543 1328 et
556 1269 595 1328 Α.
610 1269 698 1341 Atili,
720 1285 799 1344 quae
819 1276 871 1331 aut
891 1287 910 1330 a
932 1272 1019 1332 vobis

63 1351 163 1412 obiecta
177 1360 230 1414 aut
246 1359 411 1428 purgatae
426 1367 474 1412 me
489 1359 573 1424 sunt,
595 1352 667 1411 talia
687 1369 760 1413 csse
773 1353 856 1424 scio,
872 1362 906 1414 ut
920 1371 1020 1430 aures,

63 1442 88 1493 ut
99 1437 181 1496 animi
195 1437 388 1497 audientium
403 1438 477 1510 sint,
500 1451 557 1496 nec
574 1443 636 1496 tam
658 1439 787 1512 referre,
808 1437 882 1513 quid
896 1455 953 1513 ego
969 1449 1020 1501 aut

63 1535 111 1591 qua
125 1527 222 1580 mente
236 1521 379 1592 fecerim,
398 1537 489 1594 quam
504 1521 661 1595 quomodo
682 1521 712 1579 id
735 1537 791 1580 vos
814 1525 926 1582 lactum
940 1524 1019 1583 acci-

62 1601 145 1676 piatis.
174 1603 321 1664 oonscius
336 1604 408 1662 mihi
423 1619 491 1664 sum
506 1603 580 1663 nihil
602 1619 652 1666 me
673 1605 819 1665 scientem
841 1606 1019 1683 deliquisse,

61 1685 117 1745 etsi
130 1689 199 1763 quid
213 1687 341 1748 fecerim
348 1688 551 1762 imprudentia
562 1688 679 1762 lapsus,
690 1688 800 1762 corrigi
813 1703 861 1748 me
874 1697 904 1749 at
918 1705 1018 1749 emen·

61 1768 112 1828 dari
126 1771 325 1847 castigatione
345 1772 403 1830 hac
424 1787 529 1846 posse.
564 1770 638 1830 nihil
656 1778 737 1830 certe
757 1770 941 1846 insanabile,
963 1789 1020 1833 nec

60 1854 128 1926 quod
140 1855 219 1916 bello
235 1863 268 1914 et
283 1854 375 1914 annis
390 1854 638 1930 persequendtun
659 1868 731 1914 esse
753 1855 922 1928 censeatis,
937 1869 1014 1914 com-

59 1935 127 1995 misi:
147 1948 198 1999 aut
216 1941 342 2000 hustra
355 1938 532 1998 clementiae
557 1936 776 2010 gravitatisque
796 1943 918 1996 vestrae
940 1939 1021 2000 lama

59 2021 161 2094 uulgata
175 2029 354 2098 pergentes
372 2030 427 2094 est,
443 2019 595 2080 sitatibus
611 2021 774 2094 decausis,
791 2036 871 2094 quae
881 2021 933 2081 vix
946 2037 1020 2095 que·

59 2105 108 2162 reta
120 2113 147 2164 et
160 2105 411 2182 expostulatione
425 2105 537 2180 dignae
546 2113 638 2174 -sunt,
665 2121 748 2164 arma
770 2103 878 2179 capitis
894 2111 925 2164 et
938 2105 1020 2180 regi·

61 2183 105 2246 bus
119 2190 213 2250 sociis
226 2191 311 2250 bella
323 2189 472 2248 intertis.“

89 2339 93 2344 ,
126 2271 226 2332 XLlll.
255 2273 340 2334 Haec
361 2273 512 2332 dicentem
533 2280 564 2330 et
585 2289 653 2332 cum
675 2273 810 2336 adsensu
830 2271 963 2332 Marcius
985 2270 1018 2311 **

59 2360 145 2414 auctor
161 2357 215 2416 luit
229 2355 369 2417 mittendi
383 2357 512 2416 Romam
526 2355 660 2429 legatoS,
676 2372 745 2417 curn
757 2355 943 2429 experienda
955 2373 1018 2416 om·

58 2435 143 2498 niaad
159 2441 299 2502 ultimum
313 2455 371 2499 nec
394 2439 691 2514 praetermittendam
717 2454 805 2514 spem
829 2439 922 2499 ullam
948 2455 1018 2498 oen·

58 2518 160 2583 suaset.
188 2525 311 2598 reliqua
322 2523 503 2583 consultatio
516 2529 593 2594 erat,
610 2537 743 2596 quonam
753 2521 844 2581 modo
856 2529 950 2581 tutum
962 2522 1019 2581 iter

57 2600 146 2676 legatis
160 2615 257 2668 esset.
285 2607 326 2666 ad
341 2606 372 2665 id
389 2622 458 2666 cum
472 2606 648 2666 necessaria
662 2605 766 2678 petitio
779 2602 960 2662 indutiarum
975 2604 1017 2662 vi-

58 2683 175 2766 deretur,
190 2696 380 2767 cuperetque
394 2689 526 2750 Marcius
542 2703 643 2763 neque
657 2687 741 2746 aliud
756 2686 908 2760 colloquio
925 2689 1017 2760 petis·

58 2778 104 2846 set,
117 2783 242 2850 gravate
259 2781 289 2834 et
302 2773 333 2833 in
352 2789 493 2848 magnam
502 2771 633 2848 'gratiam
648 2769 779 2846 petentis
796 2770 958 2831 concessit.
973 2773 1018 2832 ni·

58 2849 90 2911 hil
103 2859 176 2919 enim
190 2859 270 2920 satis
285 2864 423 2933 paratum
439 2858 478 2917 ad
495 2855 607 2916 bellum
621 2855 651 2914 in
673 2854 848 2931 praesentia
865 2853 1018 2916 habebant

58 2932 182 3014 Romani,
205 2959 269 3002 nou
292 2942 474 3014 exercitum,
495 2955 557 2999 non
578 2941 703 3014 ducem,
726 2955 794 3000 cum
815 2937 962 3013 Perseus,
987 2941 1017 2999 ni

58 3033 116 3093 spes
130 3041 208 3084 vana
223 3025 312 3100 pacis
329 3029 527 3085 occaecasset
548 3023 691 3098 consilia,
715 3022 815 3082 omnia
836 3031 1018 3100 praeparata

57 3109 132 3179 atque
146 3108 296 3170 instructa
309 3109 452 3182 haberet,
479 3114 510 3168 et
534 3124 592 3167 suo
616 3107 747 3167 maxime
765 3113 903 3183 tempore
924 3116 1017 3182 atque

58 3186 140 3250 alieno
155 3192 299 3254 hostibus
314 3193 450 3268 incipere
462 3191 575 3252 bellum
590 3199 706 3266 posset.

123 3275 170 3334 Ab
185 3277 247 3336 hoc
262 3276 420 3351 colloquio
439 3274 501 3335 fida
522 3274 704 3335 indutiarum
724 3275 903 3351 interposita
926 3276 1016 3346 legati

56 3349 168 3418 Romani
184 3361 215 3418 iri
229 3359 387 3421 Boeotiam
403 3359 572 3434 comparati
588 3365 667 3418 sunt.
696 3358 738 3418 ibi
753 3359 813 3418 iam
828 3364 930 3418 motus
946 3371 1017 3415 coe-

58 3449 129 3508 perat
148 3446 228 3504 esse‘
241 3441 471 3505 discedentibus
499 3458 517 3502 a
537 3443 684 3503 societate
708 3441 876 3503 communis
899 3437 1018 3498 concilii
