2364 3862
183 173 245 239 172
351 175 467 236 LlBltlt
477 174 565 236 xtll.
589 175 671 234 cap.
686 183 730 236 so.
742 183 785 234 51.
799 175 835 251 [a.
846 179 883 234 υ.
894 196 921 238 e.
931 180 996 246 aar]

182 340 211 390 et
226 331 324 407 quod,
350 329 448 389 sicubi
467 329 583 404 populo
604 329 743 388 Romano
759 343 816 387 sua
831 327 954 388 fortuna
968 325 1063 400 labet,
1089 330 1154 390 aab

182 431 261 491 quos
286 416 406 474 animos
430 409 556 487 regibus
582 411 648 472 suis
669 409 809 471 videatur
830 425 927 485 posse
949 411 1063 476 lacere.
1091 412 1156 474 dom

180 500 317 574 integrae
330 513 379 558 res
392 501 466 570 stat,
485 502 616 558 statuere
631 494 715 569 apud
728 495 861 554 animum
876 509 967 556 suum
981 493 1095 554 Persea
1107 495 1154 557 de

179 581 269 654 bere,
292 589 392 642 utrum
411 579 534 654 singula
555 578 755 639 concedendo
776 578 910 638 nudatus
931 578 972 638 ad
992 586 1155 640 extremum

180 665 292 741 opibus
316 664 511 738 extorrisque
531 677 627 736 regno
649 661 889 722 Samothraciam
911 660 1042 722 aliamve
1068 679 1154 736 quam

179 750 309 809 insulam
324 753 429 822 petere
444 747 482 806 ab
497 744 653 820 Romanis,
668 745 721 806 ubi
735 744 872 820 privatus
888 752 1049 820 superstes
1063 762 1154 820 regne

179 849 236 893 sua
252 833 282 890 in
298 838 474 906 contemptu
489 837 581 904 atque
596 828 702 904 inopia
717 835 929 902 consenescat,
951 829 1044 903 malit,
1059 846 1097 890 an
1112 847 1153 891 ar·

177 923 276 985 matus
292 914 405 974 vindex
420 915 560 974 fortunae
575 912 792 989 dignitatisque
806 928 892 984 suae,
908 919 960 972 aut
970 919 1004 972 ut
1014 915 1080 974 viro
1090 913 1154 974 lorti

178 1000 303 1074 dignum
319 999 373 1071 sit,
396 996 528 1075 patiatur
544 997 761 1073 quodcumque
775 1011 868 1057 casus
883 997 954 1059 belli
969 997 1086 1070 tulerit,
1108 1003 1153 1058 aul

176 1084 275 1143 victor
296 1083 402 1142 liberet
423 1082 528 1142 orbem
547 1089 696 1142 terrarum
717 1081 756 1140 ab
777 1079 907 1155 imperio
925 1081 1077 1142 Romano.
1098 1097 1153 1148 noa

178 1182 250 1228 esse
271 1165 479 1226 admirabilius
493 1165 650 1226 Romanos
667 1162 794 1226 Graecia
810 1165 880 1239 pelli
897 1179 990 1238 quam
1004 1164 1150 1224 Hanniba·

177 1253 237 1310 lem
256 1249 342 1310 ltalia
363 1251 487 1324 pulsum
509 1264 590 1308 esse.
618 1264 720 1324 neque
740 1246 866 1309 hercule
879 1246 996 1322 videre,
1017 1248 1072 1323 qui
1088 1265 1152 1310 con

178 1335 278 1393 veniat
292 1331 391 1405 fratri,
413 1332 577 1392 adfectanti
598 1348 653 1407 per
674 1331 812 1391 iniuriam
826 1346 970 1406 regnum,
994 1331 1153 1392 summani

174 1415 335 1485 restitisse,
357 1412 536 1488 alienigenis
551 1414 631 1475 bene
646 1422 733 1491 parto
749 1431 786 1476 eo
802 1414 923 1476 cedere.
944 1423 1105 1490 postremo
1118 1417 1155 1495 ita

176 1498 255 1558 hello
271 1505 302 1558 et
317 1512 393 1572 pace
410 1498 523 1571 quaeri,
539 1504 573 1557 ut
586 1498 664 1556 inter
675 1513 782 1557 omnes
796 1498 959 1560 conveniat
969 1514 1029 1558 nec
1040 1499 1155 1576 capim

176 1582 342 1656 quicquam
356 1595 427 1640 esse
444 1596 535 1655 quam
554 1580 622 1641 sine
636 1583 800 1642 certamine
815 1580 952 1644 cessisse
964 1586 1080 1658 regno,
1103 1597 1155 1645 nea

176 1663 365 1740 praeclarius
388 1663 553 1740 quicquam
574 1679 666 1740 quam
692 1681 749 1741 pro
777 1664 922 1740 dignitate
941 1682 979 1726 ac
998 1667 1156 1733 maiestate

176 1765 297 1809 omnem
313 1750 464 1810 iomanem
479 1756 640 1824 expertum
655 1764 737 1809 esse.

260 1833 306 1892 Ll.
322 1832 432 1907 Pellae,
443 1832 474 1892 in
485 1841 590 1893 vetere
600 1832 685 1907 regia
695 1832 908 1905 Macedonum,
924 1833 984 1894 hoc
995 1835 1157 1898 consiliata
1181 1840 1182 1845 ’

176 1923 248 1973 erat.
271 1933 434 1991 „geramus
447 1922 542 1990 ergo“
557 1916 664 1990 inquit,
678 1916 756 1991 „diis
768 1915 848 1976 bene
859 1917 1044 1992 iuvantibus,
1061 1935 1156 1994 quaa·
1181 1922 1182 1947 ³

175 1997 216 2056 do
238 2000 278 2057 ila
300 2001 433 2073 videtur,
455 1999 605 2068 hellum⁴‘;
628 1998 800 2075 litterisque
821 1999 904 2061 eirca
918 2002 1101 2075 praefectos
1117 2004 1156 2067 dt
1181 2008 1182 2039 ¹

174 2079 278 2140 missis
292 2081 397 2141 Citium
408 2116 443 2126 -
452 2083 652 2143 Macedoniae
664 2084 814 2159 oppidum
825 2084 1036 2159 est-copias
1049 2101 1157 2148 omnes

175 2163 333 2224 contrahit
355 2165 423 2238 ipse
443 2172 563 2226 centum
583 2166 692 2228 hostiis
713 2167 866 2228 sacrificio
887 2168 1032 2242 regaliter
1044 2169 1157 2232 Miner-
1181 2176 1182 2215 ³

174 2261 246 2316 vae,
271 2262 362 2320 quam
378 2255 490 2308 vocant
503 2249 701 2325 Alcidemon,
724 2252 804 2312 facto
826 2267 896 2312 cum
917 2261 1160 2328 purpuratorum

174 2336 204 2386 et
226 2330 386 2391 satellitum
408 2346 500 2392 manu
520 2334 676 2406 profectus
698 2335 805 2396 Citium
827 2343 883 2396 est.
912 2351 949 2396 eo
971 2337 1032 2396 iam
1048 2353 1166 2400 omnes·

173 2410 375 2474 Macedonum
397 2420 655 2493 externarumque
677 2418 860 2480 auxiliorum
881 2431 1097 2482 convenerant
1111 2439 1159 2485 co·

174 2496 252 2571 piae.
266 2505 368 2558 castra
377 2505 447 2558 ante
458 2499 565 2560 urbem
576 2502 671 2576 ponit,
684 2502 1036 2579 omnesquearmatosin
1046 2520 1158 2582 campa

173 2583 292 2655 struxit,
320 2599 439 2643 summa
463 2584 595 2645 omnium
623 2587 825 2661 quadraginta
849 2587 907 2648 tria
931 2588 1013 2648 milia
1039 2596 1160 2651 armata

172 2665 274 2740 fuere,
301 2683 430 2741 quorum
456 2685 530 2744 pars
556 2671 651 2730 ferme
676 2670 801 2730 dimidia
825 2671 1021 2746 phalangitae
1053 2681 1157 2736 ereata

172 2747 301 2823 Hippias
316 2751 493 2812 Beroeaeus
508 2761 659 2827 praeerat.
688 2755 807 2814 delecta
822 2755 933 2816 deinde
948 2761 979 2814 et
991 2754 1116 2818 viribus
1131 2761 1160 2818 at

172 2831 284 2892 robore
308 2836 416 2896 aetatis
442 2851 481 2894 ex
507 2835 588 2894 omni
614 2844 816 2898 caetratorum
838 2855 965 2900 numero
986 2839 1051 2900 duo
1077 2842 1161 2902 milia

171 2922 273 2974 crant.
303 2931 411 2990 agema
431 2917 539 2978 hanc
531 2918 592 2994 rpsi
612 2920 764 2994 legionem
778 2923 948 2992 vocabant3
976 2925 1159 2998 praefectos

171 2995 304 3058 hahebat
316 2999 505 3062 Leonnatum
521 3010 551 3062 et
564 3003 766 3080 Thrasippum
781 3005 958 3084 Eulyestas
981 3013 1163 3068 ceterorum

172 3086 382 3156 caetratorum,
400 3082 489 3146 triam
505 3088 599 3147 ferme
613 3088 728 3149 milium
741 3088 908 3162 hominum,
932 3091 995 3151 dux
1011 3099 1080 3152 erat
1094 3093 1161 3154 Aa

170 3163 295 3239 tiphilus
315 3167 501 3231 Edessaeus.
531 3171 670 3233 Paeones
698 3181 728 3232 et
748 3189 788 3232 ex
808 3173 941 3246 Parorea
961 3181 991 3234 et
1010 3173 1159 3254 Parstry-

169 3247 334 3309 monia-
354 3259 425 3313 sunt
449 3263 548 3315 autem
575 3271 612 3316 ea
636 3258 705 3318 loca
730 3257 867 3319 subiecta
891 3257 1109 3318 Thraciae-
1129 3265 1163 3321 et

170 3332 330 3408 Agrianes,
346 3337 487 3399 admixtis
503 3341 592 3400 etiam
607 3339 775 3402 Thracibus
790 3339 910 3414 incolis,
933 3342 1023 3402 trium
1036 3342 1160 3404 milium

170 3417 264 3476 ferme
279 3427 309 3480 et
322 3418 383 3494 ipsi
398 3422 598 3498 expleverunt
612 3440 779 3484 numerum.
800 3433 973 3487 armaverat
987 3433 1160 3492 conuexe-
