2364 3862
192 231 300 295 LIBER
320 233 407 296 tlttl.
431 233 515 295 οΑΡ.
530 242 573 298 ss.
586 242 629 299 ss.
645 240 682 307 ιι.
698 239 731 293 e.
747 239 808 307 ιιι]
926 232 984 299 ιιι

46 385 190 450 Athenaeus
203 384 405 460 praepositus.
420 391 451 445 et
464 385 523 446 alia
538 385 647 448 eodem
662 387 774 448 auxilia
787 388 932 451 Romanis
947 403 988 450 ex

46 469 157 532 omnibns
170 469 299 543 undique
314 467 459 530 Graeciae
476 470 600 546 populis
616 479 834 548 convenerunt,
856 489 986 548 quorum

45 555 162 629 pleraque
179 579 219 593 —
239 554 317 613 adeo
333 569 427 628 parva
441 560 528 616 erant
541 585 584 599 -
597 555 627 614 in
643 552 829 617 oblivionem
844 555 986 618 adducta.

45 634 223 712 Apolloniatae
237 641 389 697 trecentos
405 637 534 712 equites,
557 645 679 700 eentum
692 638 814 715 pedites
829 641 986 703 miserunt.

45 721 188 780 Aetolorum
203 721 268 780 alae
281 719 373 781 unius
388 720 494 795 instar,
510 728 655 797 qnantum
670 723 708 783 ab
724 727 787 784 tota
797 731 888 800 gente
900 725 986 800 equi-

48 803 176 881 truserat]
192 811 351 879 venerant,
373 811 404 866 et
416 803 632 866 Thessalorum
653 806 752 868 omnis
768 807 922 883 equitatus
938 823 987 870 se-

46 894 140 962 paratus
164 893 239 962 erat,
266 905 327 948 non
350 889 420 963 plus
446 904 536 961 quam
558 889 684 949 trecenti
706 897 793 951 erant
813 892 934 967 equites
956 891 986 952 in

45 970 125 1031 eminis
137 971 289 1036 hooaots.
311 970 428 1032 Achaei
449 971 614 1036 iuventutis
628 987 704 1035 suae
722 972 840 1036 Cretico
856 975 987 1036 maxime

46 1061 134 1116 uuatu
146 1055 182 1114 ad
195 1055 276 1116 mille
291 1056 476 1132 quingentos
491 1055 649 1119 dederunt.

17 1209 18 1218 ἵ
103 1138 170 1198 tvl.
190 1137 254 1200 Sub
269 1140 350 1200 idem
365 1146 486 1214 tempus
501 1146 531 1200 et
552 1139 584 1199 G.
598 1139 759 1202 Lucretius
774 1147 912 1215 praetor,
934 1142 986 1216 qui

17 1219 18 1234 *
45 1219 142 1282 nauhus
156 1230 295 1298 praeerat
305 1223 346 1283 ad
357 1222 591 1298 Cephalleniam,
606 1222 647 1284 Μ.
658 1222 800 1284 Lucretio
813 1223 904 1284 tratre
919 1238 987 1283 cum

44 1306 118 1366 classe
136 1321 227 1384 snper
245 1307 378 1368 Maleam
399 1305 572 1368 Chalcidem
592 1307 679 1368 iusso
702 1315 807 1382 petere
820 1306 889 1382 ipse
903 1307 987 1368 trire-

17 1401 19 1457 p
45 1403 101 1448 nen
114 1391 301 1466 conscendit,
323 1391 424 1451 sinum
439 1389 626 1452 Corinthium
640 1398 750 1467 petens
765 1391 806 1451 ad
821 1406 986 1467 praeoceu·
1008 1439 1015 1462 ,

17 1473 159 1552 ,'pandas
151 1491 179 1534 ιιι
198 1475 329 1536 Boeotia
341 1489 403 1534 res
425 1475 540 1536 tardior
553 1491 582 1535 er
574 1475 749 1551 navigatio
767 1481 891 1551 propter
905 1475 986 1536 inilr

17 1517 19 1722 Ξ
44 1553 144 1618 nihtenn
159 1559 298 1634 corporis
314 1558 378 1620 luit
399 1558 439 1618 M.
455 1558 617 1621 Lucretius
630 1558 803 1620 Chalcidem
818 1558 987 1620 adveniens

45 1652 92 1700 cun
105 1641 157 1700 ιΡ.
171 1642 300 1704 Lentulo
311 1642 479 1702 Halrartum
490 1658 662 1719 oppugnare
653 1641 826 1718 audisset
843 1641 988 1718 ιιιιιιιιιιιιι,

17 1726 164 1795 ριιιιοιιι
183 1726 289 1788 verbis
309 1725 362 1802 qui
386 1725 556 1786 abscedere
576 1742 646 1788 eum
667 1725 739 1786 inde
751 1724 882 1799 iuberet,
898 1724 988 1786 misit.

46 1804 213 1870 Boeotorum
206 1817 374 1883 iuventute,
387 1825 467 1885 quae
479 1825 552 1886 pars
563 1825 632 1872 cum
643 1809 790 1870 Romanis
802 1809 910 1882 stabat,
922 1823 990 1868 eam

17 1915 19 1967 ι
45 1903 89 1950 rem
99 1893 254 1968 adgressus
270 1896 391 1969 legatus
407 1894 600 1955 amoenibus
614 1890 777 1954 abscessit.
801 1890 877 1952 haee
889 1892 1001 1953 soluta

18 1969 58 2060 ιι
46 1971 135 2038 ιιιιιιο
155 1979 254 2039 locum
277 1976 364 2040 alteri
384 1993 484 2039 novae
499 1975 653 2038 obsidioni
668 1976 767 2037 dedit:
789 1989 921 2051 namque
936 1990 992 2036 ex-

18 2060 177 2134 Menploht
192 2061 353 2123 Lueretius
369 2077 438 2122 cunr
459 2061 596 2122 exercitu
611 2060 728 2134 navali,
748 2061 854 2120 decem
869 2058 990 2122 milibus

18 2121 20 2200 i
47 2149 209 2219 unctorum,
235 2145 357 2206 adhoc
378 2145 502 2206 duobus
522 2144 644 2207 milibus
665 2143 833 2220 regiorum,
860 2143 911 2218 qui
932 2144 990 2205 sub

18 2235 20 2302 ι
48 2223 171 2288 thanaac
193 2236 295 2304 erant,
319 2228 488 2290 Haliartum
508 2228 720 2298 circumsedit,
751 2226 990 2304 parantibusque

19 2301 86 2366 len
98 2325 264 2389 oppugnare
276 2313 455 2411 supervenit
465 2329 484 2372 a
496 2312 611 2376 creusa
626 2319 758 2397 praetor.
780 2312 821 2372 ad
832 2311 913 2372 idem
927 2313 990 2372 iere

19 2392 137 2476 tempus
151 2404 179 2458 et
197 2397 235 2458 ab
251 2395 347 2458 sociis
362 2411 458 2457 naves
474 2396 647 2459 chalcidem
663 2390 888 2468 conuenerunt,
910 2396 991 2456 duae

19 2437 145 2546 lonicae
158 2481 406 2558 quinqueremes,
429 2480 508 2542 duaa
523 2481 563 2540 ab
576 2479 725 2542 Heraclea
739 2495 778 2539 ex
792 2478 890 2539 Ροιιιο
906 2477 989 2538 trire-

19 2547 21 2612 i
19 2569 103 2634 nes,
121 2571 257 2638 quattuor
273 2564 482 2638 chalcedone,
505 2564 630 2626 totidem
646 2563 754 2636 Samo,
778 2569 839 2622 tum
856 2561 992 2636 quinque

20 2699 21 2706 ,
47 2637 153 2706 haliae
172 2648 394 2725 quadriremes.
421 2647 479 2710 has
500 2654 635 2744 praetor,
663 2647 735 2722 quia
756 2659 907 2719 nusquam
928 2651 993 2706 erat

20 2724 193 2800 ,caninum
214 2733 343 2805 bellum,
367 2731 485 2792 remisit
506 2731 610 2792 sociis.
634 2729 713 2804 etQ
727 2728 859 2789 Marcius
875 2725 991 2788 chalci-

20 2817 21 2862 3
47 2804 97 2870 den
112 2815 233 2877 navibus
255 2815 338 2876 venit
354 2815 455 2892 Alope
477 2821 581 2891 capta,
605 2813 718 2891 Larisa,
741 2828 822 2888 quae
838 2811 992 2873 Cremaste

47 2887 128 2954 dieitur
129 2905 334 2975 oppugnata.

109 2979 173 3041 Cum
192 2983 243 3044 lnie
263 2983 390 3044 status
383 3001 413 3043 ιιι
433 2981 562 3043 Boeotia
581 2989 680 3054 esset,
706 2981 838 3042 Perseus
860 2997 929 3041 cum
952 2980 992 3040 ad

49 3052 187 3141 Sycurium,
204 3066 283 3128 sieut
293 3075 363 3127 anta
375 3066 488 3128 dictum
500 3071 556 3139 est,
573 3064 827 3139 stativahaheret,
842 3066 992 3126 frumento

50 3143 154 3221 undique
168 3149 247 3212 eirca
261 3166 302 3212 ex
312 3151 395 3226 agris
407 3156 566 3223 convecto,
582 3151 621 3210 ad
632 3149 812 3210 vastandum
824 3147 993 3210 Pheraeum

50 3236 127 3298 apum
139 3233 223 3310 misit,
239 3241 323 3296 ratus
339 3235 378 3296 ad
394 3233 544 3296 iuvandas
560 3234 715 3296 sociorum
729 3233 823 3293 urbas
838 3233 958 3307 longius
974 3245 992 3287 a

51 3311 132 3374 tastris
145 3316 311 3380 abstractos
326 3316 515 3395 deprehendi
530 3317 686 3379 Romanos
702 3332 806 3393 posse
830 3330 908 3390 quos
924 3326 992 3372 eum

51 3403 76 3451 eo
87 3399 198 3462 ιιιιιιιιιιι
210 3401 283 3463 nihil
297 3409 398 3463 motos
414 3400 688 3476 animadvertisset,
709 3399 855 3476 praedam
870 3393 992 3489 quidem

22 3551 23 3554 Ἴ
52 3486 230 3560 praeterquam
250 3485 468 3546 homiuum-
426 3499 602 3560 -peeora
622 3491 722 3546 autem
742 3478 873 3541 maxime
894 3474 992 3538 omnis

22 3565 23 3626 ξ
82 3571 307 3629 ιΜιιιιιιιιιιΙ
756 3571 789 3625 ιι
