2364 3862
174 219 237 285 244
327 220 441 280 111111
455 220 559 280 xtlv.
581 219 663 278 cap.
678 227 777 282 1111.
801 223 995 292 [111111]
1177 285 1179 302 ,

173 371 349 433 circumibat
368 370 437 445 ipse
452 367 586 440 ordines,
608 368 727 429 animos
742 369 869 429 militum
884 368 1035 430 hortando
1049 370 1078 430 in
1090 386 1137 445 pu·
1177 335 1179 374 ¹

173 463 264 532 gnam
284 453 480 516 accendebat.
508 451 549 512 ibi
572 452 671 527 primo
693 453 812 512 alacres
828 453 949 526 signum
965 453 1138 528 poscebant;
1177 449 1179 496 l

174 540 301 614 deinde,
324 544 469 612 quantum
489 537 676 596 incresceret
690 543 810 608 aestus,
832 543 863 596 et
877 537 979 597 vultus
993 537 1092 597 minus
1102 555 1139 596 u·
1177 561 1179 622 1

173 630 281 698 gentes
301 627 331 682 et
349 635 445 680 voces
460 619 620 694 segniores
636 625 737 693 erant,
750 629 789 680 et
803 619 927 694 quidam
941 619 1139 680 incumbentes
1178 627 1179 634 ’

174 705 269 766 scutis
290 702 417 778 nixique
438 703 508 777 pilis
529 702 659 763 stabant
680 709 742 762 tum
758 702 817 761 iarn
833 709 938 778 aperte
954 703 1059 778 primis
1072 705 1140 764 ordi·
1177 763 1179 786 ¹

173 788 264 848 nibus
278 787 423 862 imperat,
445 791 631 846 metarentur
651 787 966 847 111111111131111111
982 787 1140 864 1111111111-
1177 787 1179 872 1

174 879 276 932 menta
293 869 521 931 constituerent.
549 870 634 944 quod
653 868 706 929 ubi
725 869 791 930 fieri
805 868 915 930 milites
931 885 1077 946 sensere,
1100 869 1141 934 ati
1177 879 1179 942 ξ

173 955 307 1029 gaudere
328 953 443 1029 palam,
467 953 552 1028 quod
576 953 678 1019 lessos
700 953 768 1012 viae
788 953 896 1013 labore
914 952 1140 1030 flagrantissimo
1177 971 1179 1024 t

173 1044 262 1099 aestu
282 1054 345 1099 uon
367 1037 522 1112 coegisset
550 1053 697 1112 pugnare.
726 1036 817 1111 legati
838 1036 920 1096 circa
940 1037 1142 1114 imperatorem

174 1123 331 1198 ducesque
347 1121 464 1181 externi
479 1126 573 1195 erant,
593 1122 671 1180 inter
686 1136 765 1195 quos
780 1127 811 1180 et
824 1121 954 1197 Attalus,
976 1137 1085 1182 omnes
1098 1139 1141 1197 ap·
1178 1119 1179 1140 ³

174 1206 350 1281 probantes,
363 1221 431 1266 cum
443 1213 647 1280 pugnaturum
658 1206 817 1265 consulem
829 1205 1044 1264 1111111111-
1052 1221 1143 1281 neque

174 1291 254 1350 enim
274 1307 314 1350 ne
334 1289 382 1351 his
399 1289 522 1364 quidem
537 1287 762 1351 cunctationem
777 1295 942 1362 aperuerat
955 1305 1061 1350 suam:
1082 1297 1143 1351 tunc

173 1374 338 1434 mutatione
353 1372 472 1433 consilii
487 1373 588 1434 subita
602 1389 670 1434 cum
685 1371 736 1432 alii
751 1371 884 1446 silerent,
898 1371 1013 1434 Nasica
1023 1389 1101 1434 unus
1112 1389 1142 1433 ex
1174 1409 1179 1462 ,4

174 1456 314 1516 omnibus
330 1471 425 1516 ausus
441 1463 488 1516 est
500 1472 627 1517 monere
643 1457 810 1530 consulem,
831 1472 870 1516 ne
884 1456 1005 1516 hostem
1017 1457 1142 1518 ludifica-
1177 1463 1179 1534 l

173 1545 236 1600 tum
250 1540 370 1614 priores
381 1539 583 1618 imperatores
594 1539 739 1616 lugiendo
751 1546 903 1600 certamen
915 1541 1059 1601 manibus
1071 1540 1142 1601 cmit-
1177 1535 1179 1576 ²

173 1629 265 1683 teret:
288 1623 386 1683 vereri
406 1636 445 1684 ne
466 1632 557 1687 nocte
571 1625 675 1696 abeat,
698 1624 878 1699 sequendus
899 1625 1033 1686 maximo
1048 1625 1143 1685 labore
1177 1647 1179 1702 1

173 1722 212 1766 ac
232 1708 368 1782 periculo
389 1707 419 1767 in
440 1707 544 1768 intima
563 1707 765 1770 Macedoniae
785 1707 825 1768 sit
845 1708 1049 1784 illaesosque,
1075 1708 1144 1768 sicut

173 1791 328 1864 prioribus
349 1791 494 1864 ducibus,
517 1808 572 1868 per
594 1793 686 1852 ealles
703 1793 863 1867 saltusque
883 1791 1142 1853 Macedonicorum
1177 1787 1179 1868 1

173 1875 320 1936 montium
340 1875 483 1950 vagando
506 1877 738 1950 circumagatur.
760 1891 795 1935 se
809 1891 996 1950 magnopere
1011 1877 1143 1948 suadere,

174 1958 246 2018 dum
266 1960 297 2018 in
317 1975 427 2034 campo
443 1958 557 2034 patenti
571 1959 691 2022 hostem
705 1958 832 2034 lrabeat,
858 1959 1070 2034 adgrediatur,
1093 1972 1143 2018 nec

173 2041 304 2102 oblatam
326 2043 520 2104 occasionem
540 2041 682 2103 vincendi
698 2045 821 2102 amittat.
845 2045 952 2104 consul
967 2043 1041 2103 nihil
1056 2041 1143 2104 olien-

173 2139 228 2184 sus
251 2125 345 2183 libera
365 2125 571 2186 admonitione
591 2133 652 2186 tam
674 2126 748 2186 clari
768 2126 974 2188 adolescentis
995 2133 1054 2201 „et
1067 2129 1143 2204 ego“

171 2206 533 2281 inquit‚‚animumistum
545 2208 647 2282 habui,
664 2209 785 2282 Nasica,
798 2226 889 2286 quem
900 2219 933 2270 tu
944 2210 1144 2276 nunchabest
1177 2203 1179 2288 ἶ

173 2295 203 2348 ct
218 2305 309 2364 quem
323 2305 381 2364 ego
396 2306 478 2350 nunc
492 2291 601 2366 habeo,
616 2299 648 2352 tu
663 2292 801 2354 habebis.
825 2294 926 2354 multis
941 2295 1013 2354 belli
1028 2293 1144 2354 casibus
1178 2297 1179 2332 ἒ

173 2373 280 2443 didici,
303 2374 427 2448 quando
442 2375 653 2450 pugnandum,
677 2376 803 2452 quando
818 2377 1032 2438 abstInendum
1048 2391 1145 2453 pugna

172 2455 220 2516 sit.
251 2472 313 2516 non
336 2474 449 2532 operae
470 2459 509 2518 sit
527 2457 619 2520 stanti
633 2477 715 2520 nunc
729 2460 759 2518 in
774 2462 840 2520 acle
855 2462 968 2521 docere
984 2461 1095 2537 quibus
1110 2460 1145 2520 de

172 2541 275 2600 causis
289 2541 381 2603 hodie
399 2543 524 2618 quiesse
538 2544 646 2604 melius
662 2543 710 2604 sit.
733 2543 868 2604 rationes
884 2545 960 2605 alias
974 2541 1144 2620 reposcito=

171 2641 253 2685 nunc
267 2625 446 2688 auctoritate
459 2627 571 2688 veteris
583 2624 775 2704 imperatbris
787 2631 949 2688 contentus
961 2629 1054 2689 eris.“
1075 2643 1145 2687 con·
1178 2623 1179 2626 ’

171 2708 256 2768 ticuit
269 2710 468 2771 adolescens:
491 2710 574 2770 haud
589 2711 682 2771 dubie
697 2711 802 2770 videre
816 2712 919 2786 aliqua
931 2711 1144 2786 impedimenta

171 2807 293 2865 pugnae
301 2796 468 2867 consulem,
481 2793 627 2868 quaesibi
638 2811 700 2856 non
711 2802 906 2870 apparerent.
916 2795 1143 2856 XXXVllPau·

172 2875 219 2934 lus
244 2883 408 2951 postquam
435 2883 546 2936 metata
571 2885 671 2939 castra
696 2879 975 2953 impedimentaque
1002 2879 1145 2939 collocata

152 2955 397 3032 animadvertit,
419 2975 458 3019 ex
480 2967 635 3035 postrema
650 2963 714 3022 acie
728 2960 849 3022 triarios
864 2962 981 3038 primos
998 2960 1144 3052 subducit,

172 3041 284 3099 deinde
298 3041 463 3118 principes,
479 3045 628 3106 stantibus
644 3047 674 3104 in
692 3045 790 3120 prima
803 3045 870 3106 acie
881 3046 1021 3120 hastatis,
1037 3043 1143 3120 siquid

1177 1283 1179 1336 l

170 3121 269 3184 hostis
297 3133 447 3200 moveret,
473 3134 630 3202 postremo
650 3128 802 3204 hastatos,
830 3130 868 3188 ab
888 3131 998 3191 dextro
1020 3129 1144 3206 primurn

172 3223 268 3268 cornu
289 3208 478 3282 singulorum
498 3212 648 3286 paulatim
658 3213 815 3287 signorum
829 3212 939 3274 milites
956 3213 1144 3274 subtrahens.

171 3291 212 3350 ita
233 3291 351 3366 pedites
372 3293 526 3367 equitibus
548 3311 616 3355 cum
631 3296 690 3356 levi
706 3303 858 3357 armatum
872 3305 942 3357 ante
957 3297 1055 3357 aciem
1068 3293 1144 3356 hosti

172 3374 324 3447 oppositis
337 3376 403 3436 siue
413 3379 542 3437 tumultu
553 3377 685 3451 abducti,
697 3395 755 3440 nec
766 3386 844 3453 ante,
857 3396 949 3455 quam
957 3381 1141 3455 primalrons

173 3455 300 3516 valliae
319 3458 405 3518 lossa
426 3461 574 3533 perducta
588 3466 650 3532 est,
671 3477 711 3520 ex
732 3463 862 3524 statione
877 3463 998 3538 equites
1014 3459 1143 3524 revocati
