2328 3870
135 155 197 223 ree
291 156 408 218 cmm
417 155 506 218 xou
529 155 943 234 maronitanensi

214 309 399 385 Principium
418 306 610 383 insequentis
632 307 717 381 anni,
739 323 801 382 quo
823 307 855 368 C.
869 304 1017 382 Popillius
1042 313 1075 367 et
1089 306 1126 367 P.

130 394 238 458 Aelius
253 396 375 454 luerunt
391 393 553 466 consules,
573 390 716 452 residuas
732 390 943 452 contentiones
958 406 997 450 ex
1011 388 1127 466 priore

131 495 212 540 anno
226 476 341 538 habuit
376 483 479 551 patres
493 476 600 534 referri
617 474 656 535 de
670 473 833 548 Liguribus
846 474 1055 549 renovarique
1069 490 1126 534 se-

130 572 220 624 natus
236 561 409 622 consultum
423 557 575 633 volebant,
590 564 621 619 et
635 558 744 619 consul
754 558 861 618 Aelius
876 557 1039 618 referebat.
1061 556 1127 618 Po-

130 645 233 724 pillius
255 651 285 704 et
305 644 454 718 collegam
475 650 505 702 et
524 648 664 704 senatum
684 657 742 718 pro
762 643 855 702 tratre
876 640 1125 724 deprecabatur=

130 745 206 808 prae
220 743 255 789 se
271 729 384 800 serens,
400 725 427 788 si
443 725 517 801 quid
531 725 740 800 decernerent,
758 725 1005 796 intercessurum,
1023 727 1124 786 colle·

131 829 201 888 gam
217 810 377 881 deterruit;
401 817 504 885 patres
520 823 557 870 eo
572 807 671 884 magis
688 808 811 884 utrique
826 809 939 884 pariter
954 811 1126 870 consulum

129 894 242 956 inlensi
263 895 293 955 in
315 894 438 968 incepto
459 892 647 968 perstabant.
682 891 785 968 itaque
806 909 876 953 cum
890 892 930 955 de
945 893 1144 967 provinciis.

130 986 272 1054 ageretur
292 985 323 1038 et
335 975 517 1037 Macedonia
537 975 598 1036 iarn
617 975 790 1036 imminente
803 975 908 1037 Persei
926 977 1007 1036 bello
1031 985 1123 1052 pete-

128 1069 229 1136 retur,
248 1061 378 1136 Ligures
399 1057 549 1121 ambobus
571 1059 751 1121 consulibus
769 1059 990 1120 decernuntur:
1013 1061 1123 1120 Mace-

130 1145 254 1207 doniam
273 1146 453 1207 decreturos
475 1150 600 1219 negant,
621 1143 652 1202 ni
673 1143 713 1202 de
732 1143 773 1204 ld.
786 1143 916 1220 Popillio
938 1145 1122 1205 referretur.

129 1228 357 1307 postulantibus
369 1228 490 1304 deinde,
504 1235 538 1288 ut
551 1241 649 1288 novos
664 1225 816 1288 exercitus
830 1226 966 1288 scribere
977 1235 1033 1288 out
1043 1244 1122 1304 sup

129 1316 318 1390 plementum
328 1312 485 1373 veteribus
495 1310 610 1385 liceret,
624 1318 786 1385 ntmmque
797 1317 940 1386 negatum
952 1317 1010 1371 est.
1027 1327 1122 1387 prae

130 1397 248 1458 toribus
275 1410 400 1471 quoque
421 1396 451 1454 in
472 1394 652 1469 Hispaniam
673 1396 919 1470 supplementum
939 1395 1120 1469 petentibus

128 1486 288 1554 negatum,
306 1479 347 1538 Μ.
362 1478 447 1538 lunio
461 1478 492 1537 in
508 1477 694 1553 citeriorem,
715 1477 768 1554 Sp.
783 1479 923 1540 Lucretio
943 1477 975 1538 in
989 1478 1120 1540 alterio

129 1579 204 1623 rem.
227 1561 258 1621 c.
273 1561 409 1621 Licinius
425 1561 554 1622 Crassus
569 1560 718 1621 urbanam
732 1561 980 1634 iurisdictionem,
997 1561 1052 1622 Cn.
1071 1561 1120 1623 Si·

130 1644 227 1707 cinius
243 1644 321 1706 inter
331 1643 513 1722 peregrinos
525 1650 590 1704 erat
600 1644 735 1718 sortitus,
751 1644 783 1705 C.
795 1645 955 1706 Memmius
968 1643 1120 1721 Siciliam,

128 1727 183 1805 Sp.
200 1728 323 1790 Cluvius
338 1727 519 1788 Sardiniam.
548 1728 693 1790 consules
708 1728 748 1789 ob
764 1743 802 1788 ee
815 1729 883 1789 irati
900 1729 1036 1804 senatui,
1059 1729 1115 1790 La·

129 1812 199 1874 tinis
221 1812 305 1873 leriis
326 1812 357 1886 in
377 1813 505 1888 primam
521 1826 674 1886 quumque
689 1811 768 1870 diem
783 1811 920 1887 indictis,
942 1812 972 1871 in
988 1813 1115 1886 provin·
1141 1880 1147 1895 Ι

128 1897 206 1957 ciam
222 1896 358 1958 abituros
374 1910 446 1956 esse
461 1894 685 1968 denuntiarunt,
702 1909 759 1954 nec
775 1893 940 1971 quicquam
953 1896 999 1955 rei
1015 1896 1119 1971 publi·
1142 1946 1147 1957 .

128 1995 183 2041 cae
203 1987 328 2041 acturos
349 1985 565 2054 praeterquam
586 1978 670 2055 quod
690 1978 730 2039 ed
744 1979 968 2053 provinciarum
983 1979 1118 2040 admini-
1130 2038 1146 2065 ,Ι

126 2064 304 2124 strationem
318 2063 466 2123 attineret
1151 2109 1152 2112 η

210 2145 261 2207 XI.
282 2147 426 2219 Attalum,
441 2145 524 2220 regis
533 2145 679 2206 Eumenis
694 2146 827 2219 iratrem,
843 2147 975 2221 legatum
986 2147 1119 2208 venisse
1144 2217 1146 2224 ¹

126 2229 256 2290 Romam
275 2226 418 2290 Valerius
439 2226 548 2288 Andes
572 2226 621 2288 his
643 2229 820 2290 consulibus
841 2229 948 2290 scribit
966 2231 1008 2290 ad
1028 2231 1118 2291 dele-

126 2311 223 2372 rendc
243 2311 283 2372 de
296 2310 410 2372 Perseo
433 2311 560 2372 crimina
577 2310 823 2389 indicandosque
844 2321 1013 2389 apparatus
1029 2314 1117 2374 belli.
1141 2350 1147 2359 -

125 2394 257 2470 plurium
279 2394 421 2470 annales,
443 2403 473 2458 et
487 2395 597 2471 quibus
619 2395 789 2457 credidisse
809 2397 913 2472 melis,
934 2397 1039 2472 ipsum
1054 2397 1117 2459 Eu·

125 2489 245 2541 rnenem
260 2479 385 2540 venisse
400 2478 532 2541 tradunt
554 2479 708 2541 Eumenes
722 2480 813 2554 igitur
826 2486 860 2543 ut
872 2481 1003 2541 Romam
1019 2483 1115 2557 venit,
1137 2474 1145 2489 '

125 2572 276 2638 exceptus
298 2579 367 2624 cum
389 2570 472 2625 tanto
492 2562 611 2623 bonore
628 2569 774 2639 quantum
788 2579 850 2625 non
864 2565 980 2624 meritis
995 2571 1118 2627 tentum
1139 2564 1145 2575 “

125 2646 191 2706 eius
212 2647 270 2708 sed
283 2647 441 2708 beneflciis
457 2647 546 2709 etiam
561 2646 641 2721 suis,
663 2646 797 2722 ingentia
811 2662 891 2722 quae
905 2647 936 2707 in
952 2663 1024 2709 eum
1039 2665 1116 2710 con·

124 2736 211 2804 gesta
225 2737 326 2805 erent,
347 2732 535 2794 existimaret
549 2728 654 2791 deberi
668 2731 804 2807 populus
817 2731 992 2805 Romanus,
1015 2731 1049 2792 in
1064 2747 1115 2793 se·

123 2818 227 2873 natum
238 2820 286 2873 est
296 2814 498 2876 introductus.
513 2828 637 2873 causam
648 2813 791 2874 veniendi
804 2812 863 2875 sibi
869 2814 1001 2874 Romam
1012 2815 1115 2876 luisse

123 2891 200 2955 dixit
213 2903 335 2969 praeter
353 2895 549 2970 cupiditatem
563 2895 684 2956 visendi
699 2897 776 2957 dees
790 2896 1011 2974 hominesque,
1034 2915 1114 2976 quo·

121 2992 189 3036 rum
210 2977 360 3038 beneficio
375 2978 406 3038 in
422 2993 459 3037 en
473 2980 595 3040 lortune
609 2986 707 3056 esset,
728 2996 824 3055 supra
838 2997 931 3057 quarn
946 2998 986 3042 ne
1002 2991 1114 3059 optare

124 3057 247 3134 quidem
259 3059 393 3134 cuderet,
407 3062 497 3122 etiam
508 3068 542 3122 ut
550 3077 653 3122 coram
663 3071 802 3124 moneret
812 3071 951 3125 senatum
963 3065 1114 3127 utPersei
1156 3054 1159 3094 ³

123 3140 242 3202 conatis
257 3140 380 3204 obviam
395 3145 460 3207 iret.
485 3162 577 3207 orsus
592 3145 664 3206 lnde
675 3163 694 3207 a
704 3145 835 3222 Philippi
850 3149 987 3210 consiliis
1001 3165 1113 3210 necem
1157 3167 1159 3220 l

121 3218 264 3286 demetrii
279 3225 332 3286 lilii
345 3227 458 3288 rettulit
472 3227 664 3291 adversantis
674 3231 814 3291 Romano
826 3230 917 3293 bello.
939 3231 1111 3294 Bastarna·
1157 3223 1159 3236 '

122 3325 189 3368 rum
203 3316 325 3383 gentem
339 3311 470 3372 excitam
485 3311 613 3388 sedibus
628 3312 708 3385 suis,
726 3328 856 3390 quorum
871 3314 997 3376 auxiliis.
1009 3318 1111 3384 fretus
1157 3311 1158 3382 j

121 3391 153 3451 in
171 3392 286 3452 ltaliam
307 3395 462 3454 transirem
489 3395 566 3458 haec
587 3412 657 3457 curn
678 3395 863 3459 volutantem
883 3397 915 3460 in
930 3399 1032 3462 animo
1049 3417 1110 3478 op·
