2368 3858
168 201 231 264 314
336 199 553 261 ·ΕΡ1ΤΟΜΑΕ
568 199 770 260 LIBRORUM
786 200 950 259 cll-cvl.

222 352 267 394 eli.
294 351 334 393 Cn.
354 350 473 402 Pompeius
492 350 513 389 ln
533 351 660 402 provincias
680 350 770 392 lormam
791 352 885 392 Pontum
906 347 999 400 redegit.
1020 346 1141 388 Pharnaces

167 405 226 448 ilios
246 404 382 447 Mithridatis
400 403 483 444 bellum
503 405 559 455 patri
579 405 664 449 lntulll.
684 405 711 444 ab
733 417 759 445 eo
775 404 915 446 blilbrldatcs
928 404 1034 442 obsessus
1049 403 1071 440 in
1085 401 1142 452 regia

168 471 216 500 curn
237 471 321 500 veneno
342 461 429 510 sumpto
449 467 526 510 parum
546 459 676 509 profecisset
695 458 722 499 ad
738 462 845 508 mortem,
867 455 964 497 amillte
979 455 1044 496 Gallo
1058 457 1141 494 nomine

168 515 270 564 Bltoeto,
290 523 363 565 aquo
383 514 408 552 ut
421 511 536 551 adiuvaret
555 521 579 551 ae
594 513 699 566 pelleret,
719 513 849 554 interiectus
863 514 905 554 est.
922 511 963 554 Gn.
980 511 1097 561 Pompeios
1112 509 1141 548 lu·

168 567 235 608 dacos
249 567 349 620 aubeglta
364 565 437 606 lanum
452 576 526 605 corum
542 565 563 605 ln
575 566 732 619 Hierosolyma,
749 566 879 607 inviolatum
893 563 921 604 ad
936 565 958 605 id
970 567 1066 614 tempus,
1081 563 1143 614 cepit.

166 622 193 666 l..
210 621 316 671 Gatllina,
331 620 366 659 bls
380 618 490 672 repulsam
505 622 526 660 ln
541 622 649 672 petitione
664 621 792 661 consulatus
809 629 895 673 passus,
911 630 958 658 cum
974 617 1070 658 Lentulo
1085 626 1142 668 prae·

167 680 216 717 tore
235 678 257 716 et
272 673 370 726 Cethego
391 678 414 714 et
428 673 530 725 pluribus
547 673 599 714 allls
614 675 738 716 coniuravit
757 675 785 715 de
799 674 868 715 caede
882 672 996 712 consulum
1012 674 1036 712 et
1049 673 1142 719 senatur,

167 728 276 770 incendiis
291 729 352 768 urbls
367 729 389 767 et
403 726 586 780 opprimendus
600 729 703 780 publica,
725 729 824 770 exercitu
845 738 933 780 quoque
949 727 970 766 in
985 725 1077 766 Etruria
1091 735 1141 765 eon·

166 785 253 836 parato.
273 794 300 823 ea
319 781 441 821 coniuratio
457 781 565 822 industria
584 782 615 826 lli.
631 782 697 824 Tullii
713 783 826 825 Ciceronis
841 785 903 822 eruta
918 783 960 820 est.
981 779 1082 822 catilina
1095 778 1143 818 urbe

166 836 232 891 pulso
247 835 275 876 de
288 835 382 887 reliquls
396 835 517 875 coniuratis
530 836 664 888 suppliciam
679 839 790 889 sumptum
805 838 847 877 est.

220 889 276 932 clll.
292 889 388 930 Catilina
402 899 415 927 a
431 889 457 931 G.
469 891 564 931 Antonio
577 890 711 942 proconsule
726 902 774 930 cum
790 889 889 930 exercito
904 898 983 929 caesus
997 891 1042 928 est.
1060 888 1085 928 P.
1098 887 1142 928 Clo·

167 942 216 984 dlua
231 945 353 990 accusatus,
369 941 429 994 quod
444 943 465 982 in
480 942 555 984 babitu
571 945 672 986 mullebri
688 946 709 986 ln
725 947 853 992 sacrarium,
869 943 890 982 ln
905 943 965 995 quod
980 943 1053 982 virum
1069 943 1143 982 intrare

165 997 229 1038 nelas
249 999 294 1045 est,
317 996 421 1036 intrasset
439 999 462 1037 et
482 1008 572 1039 uxorem
587 999 675 1039 maximi
690 998 802 1050 pontilicis
817 1000 953 1050 stuprasset,
973 996 1093 1037 absolutus
1106 999 1143 1035 est

167 1052 192 1094 c.
209 1050 326 1092 Pontinlus
341 1053 429 1102 praetor
444 1049 589 1104 Allobrogas,
604 1054 643 1105 qul
658 1052 832 1102 rebellaverant,
847 1051 875 1091 ad
890 1051 998 1091 Solonem
1013 1049 1107 1092 domuit.
1120 1048 1142 1089 P·

166 1103 259 1146 Clodius
277 1102 306 1145 ad
321 1103 408 1156 plebem
428 1107 522 1146 transiit.
545 1106 569 1148 c.
585 1105 667 1151 Caesar
681 1107 798 1148 Lusitanos
813 1107 913 1158 subegit,
933 1115 1006 1157 eoque
1021 1103 1144 1144 consulatus

165 1158 283 1200 candidato
298 1161 321 1199 et
335 1161 438 1210 captante
452 1169 498 1200 rem
514 1161 625 1211 publicam
641 1160 745 1202 invadere
759 1161 894 1213 conspiratio
908 1159 966 1200 luter
979 1163 1025 1199 tres
1036 1157 1144 1210 principes

165 1213 263 1254 civitatis
277 1213 335 1252 lacta
351 1215 392 1262 est,
408 1213 448 1256 Cn.
465 1213 599 1267 Pompeium,
615 1215 646 1256 ll.
662 1216 773 1265 crassum,
789 1216 814 1257 G.
830 1213 954 1255 Gaesarem.
971 1213 1034 1264 leges
1050 1212 1143 1263 agrariae

165 1279 178 1306 a
193 1266 288 1308 Caesare
308 1266 399 1308 consule
418 1278 467 1307 cunr
482 1279 560 1320 magna
574 1269 728 1317 contentione,
748 1270 819 1310 lnrlto
838 1268 917 1308 senatu
931 1270 954 1306 et
967 1268 1042 1306 altero
1059 1263 1144 1306 consula

165 1321 197 1362 M.
211 1321 304 1371 Bibulo,
326 1322 385 1362 latae
404 1325 462 1363 aunt.
482 1321 507 1367 G.
523 1325 631 1363 ,latonius
652 1322 771 1376 proconsul
792 1323 814 1363 ln
833 1321 926 1362 Thracia
944 1329 1022 1372 parum
1044 1329 1144 1372 prospers

165 1386 210 1414 rem
226 1377 303 1427 gessit.
318 1375 350 1419 lll.
360 1374 437 1415 Cicero
452 1375 501 1428 lege
514 1387 528 1416 a
538 1377 564 1420 P.
580 1376 658 1420 Clodio
674 1378 763 1418 tribuno
778 1376 851 1429 plebis
865 1376 917 1426 lata,
933 1374 993 1427 quod
1008 1374 1144 1415 indemnatos

165 1429 227 1468 cives
242 1430 376 1478 necavisset,
392 1430 414 1469 ln
430 1429 534 1470 exsilium
548 1432 629 1471 missus
644 1434 687 1472 est,
703 1430 784 1472 Caesar
799 1431 821 1470 in
836 1429 972 1482 provinciam
987 1427 1087 1470 Galliam
1101 1437 1143 1478 pro·

166 1481 239 1521 lectus
252 1482 378 1530 Helvetios,
393 1485 481 1534 gentem
497 1495 585 1536 ragam,
602 1483 697 1534 domuit,
716 1495 774 1537 quae
787 1483 864 1525 sedem
880 1491 989 1536 quaerens
1004 1493 1046 1534 per
1061 1482 1144 1534 proria-

165 1537 220 1575 ciam
237 1535 340 1576 Caesaris
350 1535 476 1576 Narbonem
492 1537 533 1578 lter
547 1539 621 1579 lacere
636 1537 733 1579 volebat.
749 1542 864 1590 praeterea
879 1539 946 1577 situm
957 1535 1083 1577 Galliarum
1098 1546 1143 1575 eon·

164 1590 229 1630 tlnet.
249 1589 367 1641 Pompeius
387 1588 415 1630 de
430 1591 458 1616 ’ὓ
473 1590 551 1632 llberls
572 1591 720 1642 lllltbridatls,
741 1592 834 1643 Tigrane
854 1593 876 1632 et
890 1590 993 1643 Tigranis
1011 1590 1061 1631 tillo
1076 1590 1145 1631 lulum·

164 1643 249 1697 pbavlt,
266 1642 404 1696 liagnusque
419 1657 432 1684 e
446 1647 494 1684 tota
508 1646 611 1686 contione
626 1645 778 1687 consalutatus
793 1649 835 1686 est.

218 1696 274 1740 clv,
297 1697 369 1737 Prima
390 1708 441 1749 pars
460 1699 510 1740 llbrl
530 1701 596 1741 sllurn
612 1699 742 1741 Germaniae
756 1710 874 1752 moresque
890 1699 999 1742 continet.
1021 1699 1050 1742 G.
1068 1697 1144 1739 Caesar

164 1763 213 1792 cum
227 1750 335 1791 adversus
350 1751 481 1802 Germanos,
501 1754 538 1806 qul
554 1754 665 1795 Ariovisto
680 1753 773 1794 ducein
789 1753 884 1796 Galliam
900 1752 1098 1800 transcenderant,
1111 1761 1143 1790 ea·

164 1807 257 1846 ercitum
276 1804 374 1854 duceret,
389 1810 479 1858 rogatus
494 1809 520 1847 sb
535 1807 620 1849 Aeduis
635 1811 657 1849 et
671 1807 790 1859 Sequanis,
806 1817 899 1859 quorum
914 1817 967 1859 ager
981 1805 1143 1860 possidebatur,

163 1858 335 1912 trepidationem
354 1859 447 1902 millium
467 1865 559 1916 propter
578 1864 659 1902 metum
682 1872 788 1902 novorum
808 1860 904 1901 bostium
918 1867 988 1901 ortam
1004 1859 1143 1901 adlocutione

163 1915 276 1954 exercitus
295 1912 404 1963 lnblbult,
424 1918 446 1954 et
466 1915 537 1957 victos
556 1916 642 1968 proelio
665 1915 787 1956 Germanos
807 1915 880 1957 Gallia
900 1913 995 1968 expulit.
1016 1913 1051 1958 sl.
1072 1915 1139 1957 cicera

164 1968 269 2020 Pompeio
288 1967 346 2009 luter
360 1967 417 2009 alios
431 1973 521 2020 orante,
544 1972 567 2010 et
585 1971 610 2011 T.
625 1970 696 2012 Annio
710 1971 795 2011 liliosas
809 1969 987 2022 tribunoplebis
1001 1971 1096 2020 agente,
1115 1967 1142 2007 la·

163 2021 224 2074 genti
239 2019 319 2072 gaudio
334 2023 426 2061 senalus
439 2032 466 2062 ac
483 2024 554 2064 totius
568 2023 647 2065 ltaliae
661 2023 688 2064 sb
704 2024 784 2064 exsilio
798 2022 904 2064 reduetus
918 2025 961 2066 est.
983 2021 1023 2064 cn.
1041 2021 1142 2074 Pompelo

163 2085 202 2168 eru
217 2075 391 2166 quloauennlum
406 2085 506 2118 annonae
520 2088 573 2118 cura
587 2078 690 2118 mandata
704 2081 747 2119 est.
763 2079 846 2121 caesar
859 2077 985 2126 Ambianos,
1000 2075 1142 2140 §cessiones

161 2127 1142 2236 „alliliatlitltitiei‘ittziliit“litat”ttit¹i³5lt0tiiil⁶a“tt

162 2234 291 2276 civitatibus
312 2245 360 2273 cum
379 2245 458 2286 magno
478 2237 604 2278 discrimine
619 2241 736 2292 pugnavit,
759 2250 851 2292 samque
865 2243 953 2292 gentem
969 2237 1067 2287 delevit,
1090 2247 1142 2290 quae

162 2288 245 2330 bellum
266 2288 336 2339 gessit
354 2287 425 2328 donec
442 2300 471 2329 ex
490 2293 606 2344 sexaginta
625 2294 713 2334 milibus
732 2297 864 2335 armatorum
884 2293 978 2334 trecenti
992 2293 1141 2344 superessent,

162 2353 190 2383 ex
210 2343 322 2382 sexcentis
342 2343 483 2384 senatoribus
499 2347 545 2386 tres
564 2348 648 2388 tantum
665 2347 795 2389 eraderent.
814 2350 865 2399 lege
883 2348 930 2389 lata
944 2346 972 2386 de
987 2346 1111 2398 redigenda
1122 2347 1141 2385 ir

161 2395 291 2450 provinciae
311 2395 401 2437 formam
423 2397 495 2450 cypro
514 2404 537 2441 et
557 2401 691 2454 publicanda
705 2402 798 2455 pecunia
813 2402 885 2454 regia,
909 2401 940 2442 111.
956 2401 1037 2442 catoni
1052 2399 1142 2440 ιι1ιιι1ιι1-

160 2451 241 2491 ιιιιι1ο
259 2449 308 2490 elus
326 2449 358 2490 rel
373 2451 475 2492 mandata
489 2456 532 2497 est.
553 2455 693 2498 Ptolemaeus
707 2457 801 2510 Aegypti
817 2466 863 2506 rex,
878 2456 906 2496 ob
921 2454 1015 2495 iniurias
1034 2464 1093 2507 quas
1106 2464 1141 2507 ps·
1180 2467 1182 2508 3

161 2505 285 2553 tiebantur,
305 2515 319 2544 a
337 2506 385 2545 suls
403 2516 471 2558 regno
491 2508 571 2561 pulsus
589 2509 680 2551 Romam
694 2513 763 2551 venit.
785 2509 811 2553 G.
827 2509 910 2551 Caesar
923 2508 1033 2558 Venetos,
1055 2512 1141 2560 gentem
1179 2523 1181 2562 Ι

161 2559 251 2600 Oceano
271 2559 380 2608 iunctam,
400 2561 473 2602 navali
493 2563 578 2616 proelio
598 2564 660 2605 vicit.
682 2567 800 2618 praeterea
818 2573 856 2604 res
874 2577 886 2605 a
907 2563 989 2615 legalla
1004 2565 1053 2603 eius
1066 2563 1140 2602 eadem

160 2609 249 2655 sununs
263 2616 338 2666 gestas
353 2617 459 2660 continet.

214 2666 260 2712 GV.
280 2667 334 2708 Cum
350 2667 375 2712 G.
392 2668 483 2712 catonis
498 2669 579 2710 tribuni
595 2669 669 2722 plebia
683 2671 882 2713 intercessionibus
898 2671 987 2711 comitia
1001 2670 1139 2720 tollerentur,
1180 2677 1181 2686 ¹

160 2724 252 2763 senatus
270 2724 356 2763 vestem
375 2724 477 2766 ιιιιιιιιιι.
498 2723 529 2766 bl.
546 2724 600 2764 Cato
620 2725 641 2764 in
657 2727 764 2776 petitione
778 2727 907 2778 praeturae,
929 2724 1031 2778 praelato
1046 2723 1138 2771 Vatinio,

159 2774 271 2826 repulsam
293 2774 351 2817 tulit.
372 2775 430 2817 idem
450 2789 498 2818 cum
518 2777 589 2829 legem
607 2778 736 2832 impediret,
758 2789 803 2830 qua
821 2778 948 2832 provinciae
967 2777 1099 2818 consulibus
1118 2778 1138 2816 1ιι

159 2829 347 2880 quinquennium,
368 2830 474 2883 Pompelo
489 2830 620 2884 lllspanlae,
643 2833 724 2875 crasso
739 2833 804 2884 syna
822 2835 845 2874 et
858 2831 986 2873 Parthicum
1005 2832 1089 2873 bellum
1104 2831 1137 2870 da·
1178 2835 1180 2860 i

159 2883 251 2930 bantur,
266 2894 279 2921 a
295 2882 320 2923 G.
336 2882 444 2924 Trebonio
459 2883 548 2924 tribuno
563 2884 649 2937 plebls,
665 2887 722 2938 legis
736 2890 836 2936 auctore,
857 2887 879 2926 ln
896 2887 984 2929 vincula
1001 2886 1082 2927 ductus
1096 2886 1136 2926 est.
1179 2895 1180 2904 ¹

158 2937 185 2975 Δ.
201 2933 309 2976 Gabinius
324 2937 442 2986 proconsul
457 2937 606 2978 Ptolemaeum
621 2939 711 2980 reduxit
729 2941 751 2980 ln
766 2951 856 2993 regnum
871 2941 981 2992 Aegypti,
1004 2942 1087 2980 relecto
1100 2940 1137 2980 Ar·
1178 2967 1180 2982 ι

158 2986 249 3037 chelao,
270 2999 336 3038 quem
356 2991 399 3031 sibi
414 3002 487 3042 regem
502 2991 634 3034 asclverant.
657 2995 739 3036 caesar
752 2995 819 3037 vlctls
835 2994 951 3036 Germanis
965 2995 989 3035 ln
1004 2993 1078 3034 Gallia
1092 3002 1136 3034 eae·

158 3043 236 3092 sisque
254 3040 356 3083 Rhenum
375 3043 523 3094 transcendit,
551 3049 573 3087 et
596 3048 717 3099 proximam
736 3052 821 3100 partem
842 3049 973 3090 Germaniae
994 3048 1090 3096 domult;
1111 3056 1137 3086 aa

158 3093 239 3135 deinde
254 3094 343 3134 Gceano
357 3098 532 3148 inltritannlarn,
548 3101 618 3152 primo
633 3112 709 3153 parum
723 3112 830 3155 prospere
845 3102 1016 3156 tempestatibus
1031 3101 1135 3149 adversis,

158 3148 258 3198 traiecit,
279 3149 357 3190 lterum
372 3150 472 3201 lelicluaa
491 3164 613 3206 magnaque
628 3155 769 3197 multitudine
783 3157 879 3199 bostium
895 3168 961 3199 caesa
975 3157 1074 3209 aliquam
1089 3165 1134 3209 par·

157 3211 202 3244 tem
216 3202 301 3242 insulae
316 3204 338 3243 ln
354 3207 485 3256 potestatem
500 3207 593 3260 redegit.

210 3255 265 3297 cvl.
281 3257 337 3298 lulla
351 3258 453 3300 Caesaris
467 3260 519 3311 tilla,
536 3262 636 3315 Pompeii
651 3273 715 3312 uxor,
730 3262 840 3314 decessit,
860 3263 976 3316 bonosque
991 3265 1012 3306 el
1027 3274 1041 3303 a
1055 3260 1134 3316 populo
1177 3313 1178 3316 Ἰ

156 3308 246 3351 babitus
260 3314 307 3360 est,
323 3314 348 3351 ut
362 3313 384 3353 ln
399 3325 476 3367 campo
492 3315 573 3356 ltlartla
587 3316 727 3368 sepeliretur.
751 3316 863 3359 Gallorum
877 3320 964 3371 aliquot
978 3319 1072 3370 populi,
1087 3319 1132 3357 Am·
1178 3337 1179 3344 ι

156 3363 241 3414 blorige
257 3362 312 3404 duee
326 3365 466 3417 Eburonum,
483 3367 626 3418 deiecerunt,
646 3372 755 3421 aquibus
770 3371 835 3412 Cotta
850 3375 873 3413 et
887 3373 985 3414 Titurius
1000 3372 1068 3425 legati
1084 3370 1132 3411 Gae-

155 3415 213 3476 sarls
227 3418 369 3460 circumventi
385 3421 483 3470 insidiis,
504 3433 552 3462 cum
567 3422 667 3463 exercitu
682 3424 718 3463 cul
738 3429 865 3475 praeerant,
886 3427 944 3467 caesi
962 3432 1023 3469 sunt.
1045 3430 1067 3468 et
1086 3433 1131 3465 curs

155 3467 248 3509 aliarum
269 3479 361 3522 quoque
377 3472 487 3524 legionum
508 3480 581 3516 castra
599 3481 728 3527 oppugnata
742 3489 821 3530 magno
841 3479 919 3519 labore
939 3480 1031 3520 detensa
1052 3480 1130 3524 essent,
