2364 3862
167 203 229 268 aaa
335 201 569 264 ttauaxtru
590 201 673 260 aar.
687 208 731 261 ar.
754 205 871 273 [aum.
885 206 946 271 aaa]

169 359 236 419 eius
256 355 338 415 idem
359 352 525 425 faciebant,
547 350 712 413 adiuvante
731 351 953 414 inclinationem
974 353 1131 414 animorum

169 438 329 502 clementia
348 437 379 497 in
394 451 501 497 omnes
521 443 551 496 et
563 435 677 496 iustitia
691 436 840 510 praetoris
854 436 991 498 Romani.
1012 437 1052 496 ed
1066 435 1132 496 Sao·

169 524 256 583 dram
267 522 339 581 inde
349 527 473 581 venttuu
483 524 539 591 est,
554 519 639 594 quod
648 519 719 579 belli
731 525 822 595 caput
832 526 906 591 erat,
921 535 982 579 non
994 534 1031 578 eo
1043 521 1134 580 solunt

170 606 255 683 quod
275 603 403 664 (landus
423 618 491 663 eam
511 601 569 662 sibi
590 610 715 677 ceperat
728 604 812 663 velut
824 601 911 676 regni
925 603 1017 663 totius
1032 617 1134 677 arcora

170 691 226 750 sed
248 691 339 748 etiam
360 685 444 762 quod
465 683 643 746 Labeatium
663 685 763 760 gentis
779 685 979 746 munitissima
992 687 1136 760 longeest

170 780 200 834 et
215 771 348 832 dituoilis
369 770 462 830 aditu.
485 769 547 828 duo
568 770 692 843 cingunt
712 784 780 827 eam
794 767 928 841 flumina,
948 769 1088 829 Clausala
1099 771 1134 828 la

169 863 234 916 tere
247 853 343 926 urbis,
358 852 488 928 quadiu
503 853 651 912 orientem
664 858 754 927 patet,
777 850 962 927 praefluens,
982 852 1136 912 Barbanna

169 938 208 998 ab
226 937 354 1012 regione
374 935 558 1008 occidentis,
586 950 626 994 ex
645 934 811 996 Labeatide
839 935 951 1010 palude
972 934 1085 995 oriens.
1108 935 1136 994 hi

170 1022 231 1082 duo
256 1035 363 1080 amnes
385 1017 578 1080 confluentes
599 1018 736 1078 incidunt
756 1017 882 1080 Oriundi
902 1017 1038 1094 flumini,
1063 1019 1136 1094 quod

170 1111 269 1166 ortum
289 1119 329 1163 ex
350 1110 453 1164 monte
474 1101 609 1176 Scordo,
635 1102 737 1162 multis
758 1108 790 1162 et
814 1102 882 1161 aliis
902 1109 1027 1164 auctum
1048 1102 1135 1177 aquis,

169 1188 245 1248 mari
258 1185 434 1248 Hadriatico
449 1186 585 1246 infertur.
607 1201 695 1245 mons
712 1184 858 1258 Scordus,
873 1187 965 1260 longe
979 1185 1137 1246 altissimus

169 1271 304 1346 regionis
325 1271 407 1342 eius,
427 1269 466 1329 ab
484 1269 600 1330 oriente
619 1268 803 1329 Dardaniam
817 1269 985 1330 subiectam
999 1268 1137 1341 babet,a

169 1353 296 1414 meridie
319 1351 547 1425 Macedoniam,
572 1352 611 1412 cb
631 1367 747 1413 occasu
766 1352 930 1429 Illyricum.
958 1363 1137 1428 quamquem

168 1437 315 1498 munitum
330 1436 391 1496 situ
404 1435 532 1495 naturali
547 1433 693 1510 oppidum
709 1442 782 1509 erat,
798 1451 939 1512 gensque
951 1434 984 1495 id
999 1442 1066 1496 tote
1075 1435 1136 1513 llly-

167 1521 284 1581 tiorum
293 1525 325 1579 et
333 1533 389 1578 rex
399 1518 468 1594 ipse
477 1517 626 1592 tuebatur,
642 1524 743 1578 tamen
756 1520 1060 1594 praetorltomanus,
1076 1519 1139 1593 quia

169 1605 267 1680 prima
282 1607 499 1664 successerant
513 1617 679 1677 prospere,
698 1603 850 1664 lonunam
866 1602 959 1663 totius
973 1601 1021 1663 rei
1035 1599 1137 1678 princi·

169 1689 220 1763 pia
241 1693 415 1748 secuturam
437 1699 508 1746 esse
528 1692 613 1746 ratus
628 1692 658 1747 et
669 1685 861 1762 repentinum
874 1687 1038 1746 valiturum
1052 1693 1137 1746 terro

167 1787 241 1843 rem,
253 1771 402 1831 instructo
413 1768 552 1829 exercitu
560 1769 600 1836 ad
610 1770 732 1830 moenia
742 1770 889 1831 succedit
903 1765 1138 1844 quodsiclausis

168 1853 266 1930 portis
285 1855 391 1914 muros
412 1859 632 1928 portammque
652 1859 751 1914 turres
773 1852 934 1928 dispositis
954 1853 1079 1914 armatis
1093 1852 1137 1911 de

168 1937 354 2010 tendissent,
374 1952 455 1996 vano
476 1951 547 1996 cum
561 1937 684 2011 incepto
699 1937 859 1997 moenibus
876 1936 1073 2012 pepulissent
1085 1936 1137 1994 Ro·
1165 1959 1169 1964 ·

167 2036 291 2081 monost
323 2033 404 2079 nunc
425 2027 513 2093 porta
527 2020 645 2094 egressi
665 2020 815 2095 proelium
830 2022 899 2080 loco
913 2034 1015 2095 aequo
1030 2018 1140 2080 maiore

167 2104 267 2163 animo
292 2101 510 2164 commiserunt
532 2119 624 2178 quam
649 2104 867 2164 sustinuerunt.
902 2103 984 2178 pulsi
1007 2104 1090 2162 enim
1113 2107 1140 2160 et

167 2186 240 2259 iuga
262 2184 450 2260 conglobati,
476 2200 545 2244 curn
566 2185 687 2247 ducenti
708 2187 839 2262 amplius
859 2187 890 2246 in
911 2186 988 2261 ipsis
1004 2185 1140 2246 saucibus

166 2275 274 2343 portae
284 2267 477 2340 cecidissent,
492 2273 607 2328 tantum
617 2267 781 2330 intulerunt
791 2278 946 2343 terrorem,
960 2275 993 2329 ut
1004 2277 1142 2330 oratores

166 2352 320 2426 extemplo
336 2350 375 2411 ad
390 2357 563 2425 praetorem
576 2351 707 2414 mitteret
722 2354 849 2415 Gentius
863 2353 1020 2415 Teuticum
1035 2361 1067 2414 et
1077 2353 1139 2412 Bel·

166 2435 237 2510 lum,
258 2435 414 2510 principes
429 2434 537 2510 gentis,
560 2451 616 2510 per
629 2453 710 2512 quos
725 2436 858 2498 indutias
873 2443 998 2513 peteret,
1020 2445 1055 2497 ut
1070 2435 1139 2496 deli·

166 2517 274 2579 berare
288 2519 327 2579 de
347 2525 428 2580 statu
440 2534 543 2579 rerum
557 2534 682 2580 suarum
696 2528 814 2595 posset.
835 2521 936 2581 triduo
951 2520 981 2578 in
996 2519 1058 2580 hoo
1073 2520 1141 2580 dato

166 2617 235 2663 cum
263 2609 364 2664 castra
383 2603 521 2663 Romana
548 2601 733 2679 quingentos
753 2605 847 2664 lanne
868 2620 982 2680 passus
1003 2603 1043 2662 ab
1066 2600 1140 2663 urbe

164 2685 318 2761 abessent,
334 2702 442 2747 navem
458 2687 646 2761 conscendit,
663 2694 694 2748 et
707 2686 832 2747 launna
845 2689 1007 2749 Barbanna
1021 2685 1141 2759 navigat

164 2767 195 2829 in
209 2772 310 2831 laeum
320 2770 497 2845 Labeatum,
511 2772 595 2831 velut
609 2777 760 2831 secretum
777 2773 878 2832 locum
892 2779 1002 2846 petens
1016 2770 1059 2829 ad
1070 2785 1138 2830 cou-
1177 2777 1178 2826 t

165 2854 349 2926 saltandum,
365 2853 422 2912 sed
433 2861 466 2914 ut
476 2850 631 2928 apparuit·
641 2855 719 2914 falsa
730 2870 787 2929 spe
798 2853 917 2916 excitus
929 2851 1139 2914 Caravantium
1177 2859 1178 2868 ³

165 2935 286 2995 tratrem
301 2933 403 2995 multis
418 2935 539 2996 milibus
554 2943 737 2998 armatorum
751 2938 827 2998 actis
842 2953 882 2998 ex
896 2953 934 2997 ea
947 2936 1091 3012 regiam,
1110 2934 1139 2993 io

164 3033 257 3091 quam
277 3018 391 3078 missus
406 3024 486 3092 erat,
508 3020 684 3080 adventare.
708 3022 760 3095 qui
774 3027 939 3096 postquam
953 3020 1079 3080 evanuit
1092 3035 1139 3080 ru-

161 3115 243 3170 mor,
266 3101 354 3161 tertio
377 3108 447 3176 post
465 3101 516 3162 die
535 3118 645 3163 navem
666 3105 794 3164 eandem
815 3104 953 3164 secundo
969 3104 1050 3164 amni
1065 3101 1137 3162 Sco·

163 3184 249 3244 mam
270 3184 406 3253 demisit;
434 3185 675 3262 praemissisque
690 3187 816 3262 nuntiis,
840 3195 875 3249 ut
888 3186 946 3247 sibi
963 3183 1138 3262 appellandi

161 3268 312 3342 praetoris
333 3275 472 3342 potestas
492 3268 593 3342 lieret,
621 3271 711 3346 copia
732 3272 812 3332 lacta
832 3269 863 3331 in
880 3277 981 3331 castra
995 3270 1086 3330 venit.
1110 3273 1139 3326 et

162 3351 343 3426 principium
360 3351 508 3412 orationis
521 3352 561 3412 ab
576 3354 773 3414 accusatione
788 3353 930 3415 stultitiae
945 3369 1036 3415 orsus
1052 3365 1138 3424 suae,

162 3444 317 3505 postremo
338 3435 377 3494 ad
398 3450 508 3510 preces
530 3434 733 3512 lacrimasque
749 3437 883 3512 effusus,
904 3438 1034 3512 genibus
1049 3449 1136 3511 prate¹
