2328 3870
187 185 376 246 umnam.
399 184 483 246 cnr.
497 193 598 250 suas.
621 188 702 264 [sc.
716 192 777 268 unq
927 191 968 254 su

24 346 83 412 runt,
93 337 237 398 etAcilius
252 338 289 398 ab
300 346 388 413 tergo
400 345 474 400 erat.
498 339 552 400 diu
562 335 593 398 in
604 338 706 402 medio
719 340 803 402 caesi
814 341 970 403 Celtiberis

27 424 63 498 qui
73 427 237 496 supererant
250 422 280 481 in
296 438 405 484 omnes
419 423 535 498 passim
549 431 654 498 partes
672 430 842 498 capessunt
856 425 967 500 iugum.

25 505 113 580 equites
130 503 270 579 bipartito
291 506 322 565 in
338 521 394 568 eos
415 507 520 568 emissi
534 521 677 582 magnam
692 506 820 568 caedem
833 508 968 570 edidere.

23 589 50 648 ad
60 588 147 662 uiginti
159 588 216 650 tria
229 589 313 650 milia
326 589 459 652 hostium
473 605 511 652 eo
527 590 577 652 die
591 590 704 663 occisa,
721 597 813 668 capta
827 598 970 668 quattuor

21 671 80 730 nilis
96 680 121 732 et
133 672 316 748 septingenti
336 689 405 734 cum
426 672 516 750 equis
536 675 606 749 plus
623 675 813 749 quingentis,
836 681 866 734 et
881 676 969 751 signa

21 753 127 816 uiitauia
144 757 299 832 octoginta
320 765 401 819 octo.
428 773 540 834 magna
561 757 703 838 uictoria,
724 774 785 818 non
807 766 909 820 minen
923 761 967 820 in·

21 847 115 898 eruenta
132 839 200 900 inite
228 839 360 902 Romani
374 841 414 901 de
428 841 550 903 duabus
562 841 734 916 legionibus
748 840 859 906 milites
874 845 967 918 paulo

21 919 70 996 plus
81 922 199 999 ducenti,
214 925 334 986 socium
345 923 445 985 Latini
455 923 586 986 nominis
597 926 760 1000 octingenti
771 924 901 1002 triginta,
914 943 967 988 ex·

20 1018 139 1067 cruorum
152 1007 346 1069 auxiliarium
360 1010 456 1068 imme
470 1009 531 1070 duo
546 1007 628 1070 milia
643 1017 674 1071 et
688 1008 902 1084 quadringenti
917 1027 966 1072 ce·

20 1085 133 1150 ciderunt.
158 1098 286 1166 praetor
305 1092 336 1151 in
358 1099 459 1153 castra
479 1091 627 1154 victorem
647 1093 814 1154 exercitum
835 1093 967 1168 reduxit,

21 1171 105 1234 loiius
117 1190 236 1236 manere
251 1175 283 1236 in
298 1177 396 1250 captis
408 1176 446 1236 ab
463 1191 498 1236 se
513 1174 623 1236 castris
638 1175 754 1237 iussus.
777 1182 904 1250 postero
917 1176 968 1236 die

20 1256 91 1328 spoia
108 1257 142 1317 de
161 1258 304 1320 hostibus
325 1258 418 1331 lecta,
440 1266 470 1319 et
485 1273 541 1332 pro
557 1258 700 1320 contione
715 1258 820 1321 donati
837 1273 967 1335 qnorum

21 1338 89 1398 nnus
100 1340 221 1417 insignis
237 1344 347 1403 luerat.
367 1342 500 1403 XXXlll.
523 1341 637 1404 sauciis
652 1341 764 1402 deinde
775 1343 806 1403 in
818 1343 966 1419 oppidum

22 1421 138 1484 lebnam
153 1426 292 1487 devectis
308 1442 364 1500 per
375 1426 586 1501 Carpetaniam
600 1426 640 1486 ad
653 1425 844 1488 Contrebiam
856 1427 966 1488 ductae

23 1503 133 1578 legiones.
161 1525 199 1569 ea
218 1510 296 1571 urbs
318 1511 525 1572 circumsessa
544 1526 614 1571 curn
634 1527 653 1570 a
675 1509 831 1572 Celtiberis
853 1511 967 1572 auxilia

24 1590 173 1667 musaea
187 1592 380 1654 morantibus
394 1593 431 1654 iis
443 1609 505 1654 non
517 1594 589 1670 quia
600 1595 660 1669 ipsi
671 1594 802 1656 cunctati
813 1601 892 1667 sunt,
909 1594 967 1656 sed

25 1670 73 1743 llic
90 1677 238 1748 proiectos
266 1677 358 1739 domo
385 1676 618 1752 inexplicabiles
642 1676 794 1738 continuis
818 1677 966 1738 imbribus

25 1753 69 1814 viae
84 1765 108 1818 et
120 1759 211 1822 inilati
226 1777 334 1821 annes
352 1761 510 1835 tenebant,
532 1761 696 1836 desperato
711 1760 825 1820 auxilio
840 1776 968 1821 suorum

24 1834 213 1905 indeditionem
227 1846 322 1906 venit
343 1844 472 1905 Flaccus
485 1859 611 1920 quoque
622 1843 855 1918 tempestatibus
866 1841 966 1903 ioedis

27 1930 116 1986 auctus
129 1930 295 1990 exercitum
310 1944 430 1989 omnem
445 1929 475 1987 in
491 1928 597 1988 urbem
612 1925 788 1988 introduxit.
817 1925 967 2000 Celtiberi,

11 2004 186 2082 ttiprotccti
204 2020 293 2074 erant
308 2013 432 2073 adorno
448 2011 611 2072 deditionis
625 2010 739 2087 ignari,
760 2024 830 2072 cum
844 2009 967 2070 tandem

11 2107 12 2174 f
27 2093 154 2170 superatis,
171 2097 224 2157 ubi
240 2096 371 2172 primum
386 2096 499 2156 imbrcs
514 2096 710 2170 remiserunt,
732 2094 872 2157 amnibus
888 2093 966 2154 Con·

27 2172 116 2236 trebiam
133 2181 305 2255 venissent,
328 2187 492 2256 postquam
513 2187 613 2241 casua
633 2181 716 2241 nulla
736 2185 823 2239 extra
845 2179 967 2240 moenia

26 2251 141 2336 uiant,
160 2272 210 2326 aut
232 2264 263 2325 in
284 2264 411 2324 alteram
431 2269 547 2339 partem
565 2265 711 2325 uanslata
725 2264 783 2324 rati
797 2269 851 2323 aut
863 2277 966 2323 reces-

12 2405 13 2410 ξ
28 2335 81 2400 sisse
95 2341 205 2423 hostes,
228 2363 286 2424 per
301 2348 523 2424 neglegentiam
538 2347 629 2408 effusi
643 2347 683 2406 ad
698 2347 847 2421 oppidum
861 2361 966 2408 acces·

13 2431 106 2486 ,inunt
124 2429 150 2488 in
165 2447 220 2494 eos
236 2431 359 2492 duabus
371 2432 469 2507 portis
478 2428 608 2492 Romani
616 2431 808 2505 eruptionem
820 2429 967 2504 lecerunt,

29 2503 252 2588 inconpositos
266 2516 366 2576 adorti
381 2515 532 2577 luderunt.
551 2529 697 2590 quaeres
712 2514 751 2573 ad
762 2512 967 2573 resistendum

13 2589 15 2653 i
29 2597 64 2646 tos
77 2599 101 2651 et
111 2597 146 2658 ad
160 2599 383 2675 capessendam
405 2614 538 2674 pugnam
551 2596 704 2672 impediit,
727 2595 812 2670 quod
828 2609 891 2656 non
905 2610 967 2654 uno

14 2673 111 2744 enine
122 2696 175 2742 uec
185 2683 226 2744 ad
242 2683 331 2758 signu
342 2684 517 2758 trequentes
529 2680 701 2752 veniebant,
718 2679 826 2740 eadem
837 2693 967 2753 magnae

14 2783 16 2834 ς
30 2756 81 2822 ltili
92 2762 123 2820 ad
136 2765 235 2840 lugam
250 2764 342 2828 saluti
356 2768 425 2827 luit:
446 2766 549 2842 sparsi
563 2764 643 2824 enim
654 2770 719 2825 tcto
729 2761 847 2838 passim
858 2777 967 2838 campo

14 2863 15 2876 2
31 2839 242 2924 ildiiiuderunt,
263 2865 321 2911 nec
335 2867 466 2926 usquam
482 2849 637 2911 confertos
653 2863 708 2908 eos
723 2846 822 2908 hostis
838 2845 965 2910 circum·

34 2919 92 2982 teuit
113 2935 204 2994 tamen
226 2934 266 2994 ad
290 2934 452 2995 duodecim
471 2931 553 2994 milia
574 2938 646 2994 sunt
662 2947 769 3005 caesa,
790 2938 881 3007 capta
895 2933 965 3006 plus

33 3002 130 3084 ibique
140 3016 218 3078 milia
229 3019 394 3091 hominum,
410 3018 481 3094 equi
494 3015 717 3094 quadringenti,
730 3014 818 3090 signa
828 3013 973 3076 militaria

15 3121 17 3180 ]
34 3093 149 3165 ⁸iiiilttta
167 3101 236 3162 duo.
270 3103 323 3178 qui
345 3101 439 3177 palati
453 3118 471 3160 c
485 3103 558 3176 iuga
578 3102 702 3162 domum
719 3115 753 3162 se
767 3098 966 3174 recipiebant,

34 3166 121 3238 lanan
138 3198 239 3258 agmen
256 3186 474 3247 Celtiberorum
489 3183 673 3246 venientium
688 3183 873 3243 deditionem
888 3182 967 3244 Con·

16 3273 18 3363 q
33 3251 111 3344 labiae
122 3271 149 3324 et
161 3284 245 3330 suam
260 3270 378 3330 cladem
393 3269 546 3329 narrando
560 3273 744 3330 averterunt.
766 3265 920 3340 extemplo
935 3264 966 3323 in

35 3343 91 3399 iiis
103 3353 273 3430 emtellaquc
288 3369 346 3414 sua
361 3367 468 3414 omnes
484 3351 605 3428 dilapsi.
628 3351 757 3413 Flaccus
773 3367 792 3409 a
806 3345 969 3441 Contrebia

36 3423 148 3491 prutenus
167 3451 218 3510 per
232 3437 423 3499 Celtiberiam
444 3435 682 3512 populabundus
706 3433 790 3500 ducit
809 3434 967 3502 legioness
1041 3508 1043 3511 ξ

62 3517 79 3560 t·
89 3523 138 3572 utut
150 3532 219 3580 reus
232 3523 271 3580 V.
741 3521 758 3572 6
