2364 3862
229 214 345 274 LIBER
355 214 459 273 XLIV.
486 215 568 274 cAP.
582 223 624 275 30.
637 223 681 276 at.
696 223 732 288 [a.
745 223 777 274 C.
790 225 852 290 168]
959 217 1020 280 237

46 367 105 428 lrcc
124 373 252 441 propter
271 365 489 440 ignobilitatem
505 373 661 440 paternam
677 367 775 426 minus
797 376 943 442 suspecto
958 369 1023 430 Pla-

49 457 139 511 torem
156 449 271 510 occidit
286 456 317 509 et
330 450 410 508 duos
426 449 541 509 amicos
557 448 633 523 cius,
648 450 786 510 Ettritum
801 459 833 510 et
845 451 1023 526 Epicadum,

50 534 191 607 impigros
212 531 314 606 viros,
340 549 402 607 quo
427 531 520 592 tutius
540 541 693 607 regnaret
725 535 806 594 lama
827 535 884 593 luit
902 536 1023 596 llonunl
1138 609 1141 616 .

46 616 257 676 Dardanorum
279 615 426 690 principis
448 615 541 674 liliam
554 616 673 676 Etutam
690 626 780 691 pacto
797 619 879 678 lratri
895 633 965 678 eum
979 617 1024 679 in·

44 700 169 773 vidisse,
184 705 340 773 tamquam
357 698 405 758 his
420 697 535 772 nuptiis
549 697 725 773 adiungenti
741 701 798 760 sibi
812 702 1023 763 Dardanorum

33 791 179 856 ‘gentem
202 789 233 840 et
246 782 428 841 simillimum
446 782 478 840 id
490 796 563 842 vero
575 783 646 842 iecit
657 783 748 844 ducta
758 800 796 844 aa
806 785 893 859 virgo
903 784 1024 846 Platore

44 867 215 929 interiecto.
237 867 340 939 gravis
356 865 482 938 deinde,
504 866 628 940 dempto
643 867 744 927 fratris
760 875 849 940 metu,
864 869 1022 942 populari·

43 947 96 1008 bus
117 965 196 1009 esse
219 947 336 1023 coepit3
359 954 390 1006 et
408 947 605 1010 violentiam
597 950 717 1008 insitam
737 950 860 1024 ingenio
874 951 1021 1029 intempe-

62 1033 139 1091 ntia
153 1031 218 1092 vini
232 1031 430 1090 accendebat.
453 1019 595 1104 ceterum,
612 1032 691 1092 sicut
703 1043 774 1093 ante
785 1035 966 1108 dictumest
981 1037 1021 1096 ad

40 1115 213 1176 Romanum
238 1115 381 1174 incitatus
410 1115 522 1174 bellum
541 1115 663 1175 Lissum
689 1131 795 1176 omnes
822 1119 928 1192 coplas
949 1135 1019 1179 con·

41 1201 140 1258 traxit.
163 1197 341 1272 quindecim
355 1197 438 1257 milia
451 1204 634 1258 armatorum
650 1200 779 1259 luerunt.
799 1199 870 1260 inde
885 1202 998 1262 lratre
991 1219 1020 1260 m

52 1284 204 1342 ,vrorum
225 1288 346 1356 gentem
367 1283 398 1340 vi
419 1288 473 1341 aut
492 1289 607 1342 terrore
629 1281 830 1357 subigendam
851 1299 919 1343 cum
941 1285 1022 1344 mille

38 1367 197 1426 aditibus
218 1374 250 1426 et
270 1365 489 1440 qulnquaginta
510 1365 662 1440 equitibus
678 1365 785 1439 misso,
806 1365 876 1441 ipse
891 1369 930 1427 ad
943 1369 1019 1428 Bas·

39 1451 158 1510 ,aniam
179 1449 287 1508 urbem
311 1449 446 1523 quinque
465 1448 548 1506 milia
562 1449 601 1508 ab
614 1449 704 1508 Lisso
720 1451 812 1510 ducit.
842 1451 919 1510 socii
934 1460 1020 1512 erant

39 1528 264 1592 Romanorum=
287 1533 391 1606 itaque
410 1547 467 1606 per
486 1532 676 1606 praemissos
695 1534 818 1594 nuntios
839 1533 925 1608 prius
946 1545 1019 1595 tem·

37 1618 109 1690 ptati
127 1616 323 1676 obsidionem
338 1616 399 1690 pati
416 1633 506 1691 quam
523 1616 636 1676 dedere
651 1632 723 1676 sese
733 1619 913 1678 maluerunt.
930 1619 1020 1678 Cara-

38 1699 185 1760 vandium
194 1698 336 1758 induviis
346 1699 492 1758 Durnium
505 1700 651 1773 oppidum
665 1702 876 1760 advenientem
888 1701 1019 1775 benigne

39 1783 174 1857 accepit,
201 1782 387 1840 Caravandis
409 1784 504 1843 altera
523 1783 598 1841 urbs
618 1783 756 1842 exclusit.
786 1790 905 1843 etcum
926 1799 1018 1857 agros

36 1881 144 1926 eorum
175 1865 276 1924 effuse
298 1871 448 1938 vastaret,
475 1865 592 1940 aliquot
611 1866 704 1939 palati
724 1865 834 1925 milites
856 1868 1018 1940 agrestium

38 1964 194 2010 concursu
214 1948 364 2008 interiecti
385 1955 464 2008 sunt.
493 1947 553 2007 iam
569 1957 598 2008 et
610 1951 671 2023 Ap.
688 1949 832 2009 Claudius
847 1949 1018 2024 adsumptis

37 2033 75 2098 ad
90 2037 162 2092 eum
178 2029 355 2104 exercitum,
378 2047 468 2106 quem
483 2030 624 2102 habebat,
639 2033 830 2092 Bullinorum
845 2040 875 2092 et
888 2033 1017 2107 Apollo·

37 2115 161 2175 niatium
178 2121 208 2174 et
221 2115 503 2190 Dyrrhachinorum
519 2116 639 2175 auxiliis
653 2117 810 2190 proiectus
827 2132 866 2175 ex
879 2115 1015 2175 hibernis

35 2199 118 2260 circa
133 2201 293 2258 Genusum
308 2214 426 2257 amnem
443 2205 544 2258 castra
558 2197 696 2273 habebat
713 2201 816 2260 audito
832 2199 958 2261 loedere
970 2201 1015 2260 in-

35 2287 81 2342 lcr
101 2283 217 2343 Persea
237 2289 268 2342 et
289 2283 444 2352 Gentium
470 2288 501 2340 et
520 2283 687 2356 legatorum
705 2284 886 2344 violatorum
908 2285 1017 2345 iniuria

36 2381 206 2438 accensus
231 2366 344 2425 bellum
369 2365 450 2425 haud
477 2365 568 2425 dubie
595 2367 744 2427 adversus
770 2383 839 2427 eum
863 2374 1015 2440 gesturus.

35 2450 164 2510 Anicius
186 2455 312 2525 praetor
333 2465 371 2508 eo
393 2457 531 2522 ternpore
551 2451 735 2525 Apolloniae
755 2450 868 2510 auditis
892 2467 971 2524 quae
986 2453 1014 2509 in

23 2530 157 2610 Illyrico
173 2539 367 2608 gererentur,
388 2531 630 2607 praemissisque
644 2534 684 2592 ad
698 2533 833 2608 Appium
848 2533 969 2605 litteriS,
983 2543 1016 2592 ut

34 2631 70 2676 ee
85 2619 123 2676 ad
140 2617 298 2676 Genusum
312 2617 513 2690 opperiretur,
528 2617 628 2676 triduo
640 2623 670 2676 et
680 2617 748 2690 ipse
759 2617 789 2675 in
803 2621 904 2674 castra
915 2615 1014 2684 venit;

30 2706 66 2757 et
80 2701 119 2759 ad
132 2717 171 2759 ca
186 2714 266 2775 quae
281 2699 414 2758 habebat
425 2699 538 2759 auxilia
547 2699 758 2760 Parthinorum
770 2699 881 2758 iunctis
894 2697 1014 2758 duobus

34 2781 155 2843 milibus
176 2783 314 2858 peditum
336 2790 366 2842 et
385 2782 539 2856 equitibus
560 2783 698 2843 ducentis
713 2817 756 2828 --
775 2781 929 2856 peditibus
943 2782 1015 2857 Epi·

33 2867 146 2938 eadu8‚
171 2866 326 2942 equitibus
340 2867 487 2940 Algalsus
503 2874 644 2941 praeerat
657 2899 701 2912 -··
715 2866 843 2941 parabat
857 2866 970 2926 ducere
984 2867 1013 2925 in

33 2947 197 3024 Illyricum,
211 2949 345 3008 maxime
355 2956 389 3008 ut
399 2949 576 3012 Bassanitas
589 2952 724 3010 solveret
735 2950 905 3010 obsidione.
919 2952 1015 3010 tenuit

32 3031 178 3106 impetum
190 3034 257 3093 eius
270 3034 351 3091 lama
361 3033 529 3093 lemborum
536 3035 718 3094 vastantium
729 3033 908 3094 maritimam
920 3051 1014 3094 oram.

33 3117 190 3188 octoginta
203 3122 291 3176 crant
307 3116 395 3175 lembi
404 3161 412 3189 ‚
435 3124 560 3176 auctore
573 3117 748 3178 Pantaucho
770 3118 856 3178 missi
873 3133 891 3176 a
906 3117 1013 3179 Gentio

31 3198 76 3256 ad
97 3199 375 3276 Dyrrhachinorum
395 3206 425 3259 et
445 3199 684 3274 Apolloniatium
700 3217 792 3274 agros
808 3202 1013 3277 populandos.

29 3288 99 3339 tum
113 3281 221 3342 classis
236 3282 275 3342 ad

29 3451 66 3505 to
88 3461 123 3506 co
143 3448 333 3510 tradiderunt
354 3466 398 3510 se.
426 3450 530 3510 XXXI.
553 3411 709 3524 deinceps.
722 3458 752 3509 el
770 3450 863 3509 urbes
878 3449 1013 3523 regionis
