2424 3872
233 202 605 266 musitatores.
630 210 789 278 [mulsi]
958 207 1001 272 55

63 355 231 428 ridicuidam,
245 355 335 429 longe
350 353 480 430 principi
501 354 600 429 gentis
621 354 807 427 Aenianum,
831 357 948 433 nupsit,
970 367 1000 418 et

64 439 124 514 apid
136 454 195 500 euin
208 438 309 514 plures
322 440 410 498 enisa
432 445 554 514 partus,
572 438 679 514 parvis
701 438 866 499 admodum
885 441 999 504 relictis

62 523 183 595 omnibus,
197 521 338 584 decessit.
368 522 549 594 Theoxena,
573 529 605 582 ut
623 523 654 581 in
671 522 738 584 suis
752 522 893 584 manibus
913 524 999 588 liberi

32 643 34 684 3
62 605 148 667 sororis
172 605 380 682 educarentur,
397 604 499 666 Poridi
520 606 639 682 nupsit;
661 613 691 668 et
714 613 871 682 tamquam
892 622 999 669 omnes

61 687 110 764 ipsa
121 689 194 748 enisa
206 690 296 764 toret,
313 706 402 752 suum
417 689 597 765 sororisque
611 689 693 752 filios
704 689 735 750 in
747 690 856 753 eadem
867 690 1000 754 habebat

32 769 35 838 l
59 786 119 832 cura.
141 780 294 849 postquam
309 773 391 849 regis
405 774 539 836 edictum
555 773 594 834 de
609 772 909 849 comprehendendis
924 774 999 836 libc-

32 839 34 944 ξ
59 855 88 914 iis
103 871 200 929 eorum,
216 857 266 931 qui
282 857 431 918 interiecti
447 863 565 930 essent,
582 857 716 933 accepit,
732 857 862 919 ludibrio
877 858 999 921 futuros

32 945 34 1024 ξ
58 953 101 998 non
111 940 178 1014 ragis
191 940 281 1002 modo
300 941 357 1002 sed
372 941 535 1003 custodum
556 941 646 1002 etiam
667 941 784 1004 libidini
799 949 864 1004 rata
878 943 918 1005 ad
932 957 998 1004 rem

58 1028 159 1084 rhoeam
170 1025 299 1086 animuin
316 1025 443 1098 adiecit,
459 1041 599 1100 ausaque
609 1031 658 1085 est
669 1025 772 1086 dicere
783 1040 818 1085 se
834 1042 892 1088 sua
905 1043 998 1088 manu

32 1099 34 1176 i
57 1105 131 1177 potius
143 1121 240 1181 cinnes
255 1109 481 1170 interfecturam
506 1125 597 1184 quani
616 1107 646 1168 in
670 1115 852 1184 potestatem
867 1108 998 1188 Philippi

32 1183 34 1238 l
58 1189 168 1250 venhent
192 1191 277 1254 Poris
295 1192 488 1253 abominatus
503 1192 690 1252 mentionem
704 1198 764 1250 tarn
779 1192 864 1253 foedi
880 1193 996 1252 facino·

32 1273 34 1360 ᾗ
57 1271 86 1330 iis
96 1273 216 1348 Athenas
225 1277 456 1352 deportaturum
473 1291 529 1337 eos
545 1275 586 1336 ad
600 1275 681 1336 fidos
696 1274 835 1350 hospites
847 1274 932 1349 dixit,
945 1292 998 1338 co·

32 1375 33 1416 i
57 1354 181 1434 mamque
193 1360 296 1436 ipsum
321 1361 412 1436 lugeo
434 1361 568 1420 suturam
590 1373 680 1420 esse..
705 1357 943 1434 proficiscuntur
957 1361 997 1420 ab

57 1435 233 1504 lhessdoniea
251 1445 384 1506 Aeniam
412 1443 454 1504 ad
473 1449 585 1504 statum
605 1439 806 1516 sacrificium,
830 1444 916 1520 quod
933 1446 995 1506 hc·

32 1549 33 1578 i
58 1534 109 1582 neae
120 1527 255 1588 conditori
270 1545 341 1589 cum
356 1543 468 1602 magna
482 1528 677 1592 caeremonia
690 1528 856 1603 quotannis
869 1528 994 1591 iaciunt.

32 1579 34 1668 l
58 1600 85 1662 hi
94 1605 131 1668 die
141 1625 190 1684 per
202 1613 369 1674 sollemnes
384 1613 493 1686 epulas
508 1617 691 1685 consumpto
703 1626 815 1671 navem
827 1625 991 1688 praepara·

57 1691 229 1756 maronae
243 1695 356 1772 sopitis
372 1695 513 1756 omnibus
542 1695 581 1753 de
604 1694 692 1754 tertia
717 1693 822 1768 vigilia
846 1709 994 1756 conscen-

32 1803 34 1854 q
58 1769 108 1832 luit
124 1783 266 1854 tamquam
292 1779 418 1840 redituri
434 1777 700 1838 Thessalonicam
726 1777 784 1837 sed
808 1776 936 1836 traiccre
963 1777 995 1840 in

32 1863 34 1924 l
57 1850 173 1922 liboeum
185 1870 248 1924 erat
261 1861 466 1940 propositum.
496 1868 631 1922 ceterum
646 1859 677 1918 in
691 1859 857 1920 adversum
871 1867 995 1920 ventum

32 1927 34 2034 ζ
56 1942 199 2017 leqiiiquam
213 1963 271 2008 eos
286 1945 448 2007 tendentes
463 1958 562 2020 prope
577 1949 689 2004 terram
704 1943 757 2001 lux
772 1943 949 2018 oppressit,
966 1951 995 2002 et

32 2035 34 2114 ᾗ
57 2023 119 2099 regii,
131 2029 174 2101 qui
189 2038 353 2106 praeerant
367 2028 527 2090 custodiae
548 2033 672 2103 portus,
691 2024 825 2086 lembum
846 2034 995 2090 armatum

56 2103 82 2162 ad
92 2113 305 2181 pertrahendam
321 2129 388 2174 eam
408 2113 510 2172 navim
524 2111 681 2185 miserunt,
697 2125 767 2171 curn
781 2110 869 2186 gravi
882 2111 993 2186 edicto,

32 2191 34 2254 l
56 2201 80 2280 re
89 2201 290 2260 reverterentur
304 2197 373 2258 sine
387 2212 435 2257 ea.
464 2212 533 2256 eum
547 2195 608 2258 iam
623 2193 920 2272 appropinquabant,
936 2195 993 2257 Po-

56 2277 193 2348 aquilem
207 2283 247 2343 ad
262 2281 466 2342 hortationem
485 2279 633 2354 remigum
654 2286 874 2356 nautarumque
896 2279 992 2340 inten-

32 2356 161 2432 llrserah
175 2364 324 2426 interdum
339 2381 448 2426 marius
474 2364 514 2424 ad
540 2364 659 2424 caelum
683 2362 814 2424 tendens
840 2362 934 2438 deos,
960 2370 995 2424 ut

32 2441 34 2486 l
56 2435 135 2503 lamii
146 2462 246 2524 opem,
272 2449 390 2510 orabat.
419 2450 508 2507 ierox
533 2446 652 2507 interim
675 2445 803 2518 femina,
833 2446 875 2506 ad
898 2448 992 2507 multo

55 2528 102 2583 ille
112 2532 338 2608 praecogitatum
353 2533 492 2592 revoluta
507 2531 641 2604 lacinus,
664 2545 817 2590 venenum
832 2529 918 2590 diluit
934 2530 993 2588 ler-

32 2611 34 2680 l
55 2616 149 2682 ltaque
161 2617 282 2692 promit,
298 2623 329 2678 et
343 2616 445 2692 posito
458 2615 489 2674 in
504 2621 675 2690 conspectu
690 2612 803 2687 poculo
818 2611 994 2686 strictisque

32 2683 34 2790 l
55 2683 133 2756 tlaliis
144 2705 262 2770 „mors“
277 2700 376 2776 inquit
389 2715 471 2773 „una
484 2697 622 2760 vindicta
635 2703 693 2757 est.
721 2695 791 2754 viae
806 2694 847 2753 ad
866 2700 994 2754 mortem

32 2799 33 2840 f
55 2763 174 2840 hlerunt:
189 2801 249 2860 qua
267 2799 422 2860 quemque
437 2783 556 2844 animus
572 2781 643 2852 lert,
666 2776 791 2853 effugite
817 2777 994 2853 superbiam

32 2875 33 2944 ᾗ
56 2856 145 2928 region,
172 2867 266 2942 agite,
282 2869 410 2928 iuvenes
425 2867 500 2940 mei,
521 2865 669 2941 primum,
693 2862 745 2940 qui
759 2862 892 2924 maiores
908 2863 992 2938 estis,

57 2940 125 3012 cillle
136 2946 253 3025 lenum,
270 2960 322 3013 aut
335 2950 453 3012 haurite
468 2951 627 3026 poculum,
651 2947 679 3009 si
700 2947 825 3022 segnior
846 2964 930 3010 mors
948 2947 993 3010 iu·

32 3035 33 3090 ΐ
56 3028 110 3079 tatr‘
132 3037 157 3089 et
168 3033 272 3096 hostes
285 3035 413 3096 aderant
422 3040 452 3094 et
462 3041 569 3096 auctor
579 3032 686 3093 mortis
696 3030 839 3092 instabat
858 3033 915 3092 alil
933 3033 993 3092 alio

32 3173 33 3182 ἵ
56 3097 95 3192 leto
107 3109 241 3193 absumpti
255 3119 451 3179 semianimes
465 3133 483 3178 e
495 3133 574 3178 nave
586 3116 832 3193 praecipitantur.
859 3115 929 3192 ipsa
940 3115 992 3176 dc·

32 3209 34 3312 j
58 3187 104 3278 llde
116 3196 198 3260 virum
211 3203 351 3264 comitem
367 3201 472 3261 mortis
488 3200 652 3276 complexa
671 3200 702 3259 in
718 3214 803 3259 mare
822 3215 894 3260 sese
910 3199 979 3259 dele

56 3276 89 3328 ll·
110 3293 175 3340 nave
188 3301 283 3347 vacua
298 3285 431 3348 dominis
446 3285 521 3360 regii
535 3283 623 3360 potiti
638 3290 719 3344 sunt.

94 3361 145 3450 'V-
163 3365 253 3430 Huius
275 3370 419 3432 atrocitas
442 3369 585 3430 facinoris
607 3383 719 3428 novam
741 3367 826 3428 velut
840 3363 994 3425 flammam

59 3445 113 3510 legis
125 3443 242 3513 invidiae
256 3453 383 3528 adiecit,
398 3459 431 3512 ut
445 3455 536 3528 vulgo
548 3451 649 3530 ipsum
661 3450 838 3524 liberosque
849 3451 994 3508 exsecra·
