2328 3870
114 185 307 250 ιιΒιιιιΧιι.
330 187 413 250 uti).
424 196 469 250 no.
480 197 524 252 ιι.
545 193 582 261 [ι.
594 192 629 246 ιι.
642 211 667 246 a.
678 197 740 253 ora.
755 211 780 250 a.
791 196 823 250 c.
834 198 896 265 ιιι]
935 191 995 258 121

34 343 81 410 nis,
95 336 224 400 nnumin
240 337 328 398 terris
344 335 517 398 inchoatum
530 353 588 412 pro
599 337 808 414 magnitudine
819 341 878 414 dei,
895 350 998 418 potest

35 424 104 484 testis
123 437 207 482 esses
242 421 299 482 sed
319 427 351 480 et
368 421 466 480 Delon
487 420 549 482 aris
569 420 742 497 insignibus
766 431 997 503 statuarumque

38 508 106 582 copia
124 506 299 578 exornavit,
320 512 352 564 et
370 502 561 566 Antiocheae
580 505 663 566 Iovis
679 505 839 583 Capitolini
859 511 996 584 magnid-

39 607 88 650 cnn
105 590 265 664 templum,
286 604 348 648 non
363 589 538 663 laqueatum
560 605 634 650 auro
652 596 781 666 tantum,
803 591 861 653 sed
875 595 998 668 parieti·

37 675 79 733 bns
90 673 155 733 totis
169 672 288 732 lamina
297 671 478 746 inornatum.
493 679 525 734 et
538 672 597 734 alia
607 674 701 736 multa
716 675 746 736 in
758 675 826 736 aliis
840 676 918 738 locis
930 679 998 752 pul·

36 756 122 831 ιιιιιι,
136 757 207 832 qnia
219 755 374 830 perbreve
387 761 508 831 tempus
522 757 609 832 regni
623 755 690 818 eius
705 759 769 834 init,
784 776 845 822 non
857 761 997 836 perierit

37 841 259 915 spectaculorum
275 854 401 914 quoque
415 837 514 901 omnis
529 839 652 915 generis
667 844 893 918 magnificentia
903 860 998 920 supe·

35 923 110 982 nores
120 937 211 998 reges
227 923 317 992 vicit;
337 923 526 998 reliquorum
541 925 590 986 sui
604 926 698 986 moris
713 935 744 988 et
757 927 849 1004 copia
865 928 998 990 Graeco·

34 1025 83 1068 rum
97 1007 256 1068 amineum·
279 1006 480 1081 gladiatorum
500 1024 612 1070 munus
627 1009 784 1072 Romanae
798 1012 997 1074 consuetudi·

35 1093 68 1150 nis
84 1091 174 1166 primo
196 1090 318 1150 maiore
339 1105 409 1152 curn
423 1097 541 1152 terrore
560 1090 732 1167 bominum
754 1095 943 1158 insuetorum
957 1095 998 1156 ad

1 1175 79 1266 tale
94 1177 317 1251 spectaculum,
340 1189 432 1248 quarn
451 1177 609 1251 voluptate
623 1177 722 1246 dedit,
744 1177 857 1240 deinde
871 1179 997 1274 saepius

1 1227 128 1330 d,ando
150 1266 179 1319 et
199 1259 296 1320 modo
317 1258 494 1320 vulneribus
516 1266 623 1333 tenus,
643 1261 736 1323 modo
763 1260 830 1322 sine
849 1259 999 1322 missione

1 1341 112 1416 eiam,
127 1349 157 1402 et
170 1341 323 1402 familiare
338 1341 435 1402 oculis
449 1349 632 1418 gratumque
646 1342 679 1404 id
693 1345 902 1420 spectaculum
918 1344 1000 1420 lecit,

1 1433 204 1504 annorum
227 1426 365 1487 studium
386 1425 566 1502 plerisque
557 1443 701 1489 iuvenum
716 1429 864 1490 accendit
893 1428 999 1504 itaqua
1039 1459 1042 1466 ι

35 1509 73 1582 qui
35 1510 173 1584 qprimo
189 1509 229 1570 ab
242 1510 343 1571 Roma
356 1509 475 1606 magaria
490 1509 596 1586 pretiis
612 1519 738 1586 paratos
750 1513 938 1588 gladiatores
949 1528 997 1572 ar·

1 1555 134 1687 {cessere
147 1594 260 1655 solitus
274 1601 347 1667 erat,
362 1593 421 1654 iam
437 1610 495 1656 suc

1 1678 2 1813 ι
35 1755 73 1832 ιιι
89 1759 159 1820 inter
178 1762 372 1837 peregrinos.
404 1761 482 1820 XXI.
510 1761 550 1820 M.
571 1761 664 1822 Atilio
685 1757 818 1836 praetori
838 1758 999 1837 provincia

36 1839 152 1904 Sardinia
166 1847 353 1906 obvenerat:
376 1845 434 1905 sed
449 1859 517 1905 cum
531 1843 653 1918 legione
667 1860 758 1916 nova,
777 1859 869 1919 quarn
885 1859 998 1904 consu·

36 1925 68 1986 les
77 1929 328 2005 conscripserant,
338 1927 474 2004 quinque
482 1928 604 1991 milibus
614 1927 750 2004 peditum
760 1927 904 1988 trecentis
912 1923 998 2002 equi·

36 2009 109 2084 tibus,
123 2012 151 2071 in
167 2012 327 2074 corsicam
347 2012 452 2074 iussus
467 2018 516 2072 est
528 2011 669 2074 transire
701 2011 774 2072 dum
787 2010 815 2071 is
829 2010 871 2072 ibi
885 2011 999 2070 bellum

36 2103 138 2170 gereret,
151 2097 294 2157 Cornelio
310 2096 530 2172 prorogatum·
522 2094 693 2194 imperium,
708 2094 751 2156 uti
765 2092 916 2158 obtineret
927 2093 997 2155 Sar·

38 2174 133 2238 tiniam.
161 2181 215 2242 Gn.
232 2179 363 2241 Servilio
379 2179 547 2256 Caepioni
539 2197 570 2241 m
584 2177 763 2255 Hispaniam
777 2177 952 2240 ulteriorem
968 2180 999 2238 et

37 2255 59 2314 P
69 2261 147 2325 Furio
161 2263 281 2326 Philo
273 2281 304 2324 ιιι
327 2264 497 2326 citeriorem
517 2264 577 2325 tria
596 2263 678 2324 milia
692 2263 828 2360 peditum
842 2263 995 2324 Romano-

38 2356 86 2404 rum
92 2349 237 2446 ‚equites
252 2355 373 2410 centurn
389 2347 624 2424 quinquaginta
647 2355 677 2407 ct
697 2348 814 2408 socium
829 2346 927 2406 Latini
942 2361 997 2406 no-

38 2427 105 2489 minis
124 2434 259 2508 quinque
274 2433 356 2493 milia
371 2432 522 2508 peditum,
546 2430 674 2492 trecenti
688 2432 824 2506 equites.
846 2428 951 2492 Sicilia
964 2429 998 2488 L.

39 2507 139 2574 claudio
154 2518 223 2577 sine
238 2518 454 2592 supplemento
470 2516 603 2576 decreta.
636 2514 715 2574 duas
729 2519 890 2589 praeterea
902 2512 998 2586 legio-

39 2607 79 2654 nes
101 2602 241 2662 consules
262 2600 398 2661 scribere
423 2599 501 2660 iussi
522 2614 592 2660 cnm
612 2598 692 2658 iusto
713 2611 841 2656 numero
862 2595 998 2670 peditum

39 2681 226 2759 equitumque,
248 2691 279 2744 et
296 2685 405 2744 decem
424 2681 507 2744 milia
526 2681 663 2758 peditum
684 2678 778 2742 sociis
798 2678 949 2752 imperare
969 2682 1000 2736 et

41 2773 180 2830 arcentes
196 2768 328 2843 equites.
361 2769 490 2829 dilectus
506 2763 686 2826 consulibus
702 2779 740 2826 eo
756 2761 909 2824 difficilior
923 2767 997 2835 erat,

42 2849 104 2916 itud
115 2849 302 2926 pestilentia,
317 2867 398 2928 quae
411 2852 514 2927 priore
529 2865 610 2910 anno
626 2848 655 2910 in
671 2849 768 2910 boves
783 2846 945 2921 ingruerat,
960 2861 998 2906 eo

41 2937 190 2996 veneratio
205 2935 362 2996 hominum
377 2935 513 2996 morbos
543 2933 595 3032 qui
610 2930 795 3004 inciderant,
811 2930 894 2992 houd
909 2930 999 2992 facile

43 3014 176 3086 septimum
191 3019 271 3080 diem
288 3021 491 3094 superabant,
508 3015 560 3092 qui
574 3021 806 3092 superaverant,
819 3016 997 3091 longinquo,

43 3100 334 3184 animequnrpnaa
350 3101 582 3178 implicabantur
591 3101 710 3162 morbo.
728 3097 998 3162 servitiamaxime

44 3181 235 3249 moriebantur·
259 3202 365 3250 eorum
380 3194 500 3260 strages
512 3201 569 3261 per
580 3200 686 3246 omnes
697 3199 764 3245 vias
775 3182 1000 3258 insepultorum

44 3270 97 3323 ilat.
121 3285 158 3330 ne
177 3270 342 3332 liberorum
361 3270 486 3345 quidem
500 3269 658 3330 funeribus
672 3268 802 3328 Libitina
816 3263 998 3328 sufficiebat.

46 3346 190 3415 talavera
181 3361 292 3416 rntacta
303 3370 322 3414 a
333 3353 462 3414 canibus
473 3368 510 3413 ac
520 3352 690 3416 vulturibus
702 3352 788 3412 tabes
799 3347 997 3413 absumebat;

46 3429 330 3516 talisqueeonstabat
343 3453 400 3497 nec
414 3436 466 3497 illo
480 3451 538 3498 nec
554 3435 658 3512 priore
669 3445 749 3496 anno
760 3435 791 3494 in
803 3436 887 3494 tanta
898 3436 1000 3501 strage
