2364 3862
167 198 227 263 lea
330 199 445 262 LIBER
459 197 559 258 XLIII.
587 197 669 257 CAP.
684 205 710 258 4.
723 205 748 258 5.
774 202 811 269 [a
824 201 859 256 U.
871 218 895 253 o.
906 200 968 268 582]

167 359 229 414 esta
259 358 289 412 et
309 357 395 410 eram
415 348 466 424 qui
486 350 604 424 legatos
625 347 790 408 mittendos
811 347 850 407 ad
871 361 979 422 pacem
1000 345 1132 424 precibus

169 435 331 512 petendam
352 437 529 500 consessum
557 431 759 507 civitatesque
780 431 955 506 complures
977 445 1014 492 eo
1039 430 1133 492 nunio

169 518 272 580 andito
290 518 321 578 in
343 514 528 578 deditionem
544 522 703 577 venerunt
727 515 838 590 quibus
854 514 1056 590 purgantibus
1073 529 1134 576 sese

168 604 352 678 culpamque
371 599 402 659 in
429 597 560 660 duorum
580 595 742 660 amentiam
769 597 1011 671 conterentibus,
1038 599 1089 674 qui
1107 612 1147 675 se¹

168 688 247 748 ultro
268 685 308 746 ad
326 697 458 760 poenam
477 683 538 758 ipsi
559 681 755 756 obtulissent,
778 698 846 742 cum
868 682 989 744 veniam
1009 681 1136 742 dedisset

170 776 308 846 praetor,
332 767 491 843 profectus
506 767 660 842 extemplo
674 767 713 826 ad
729 767 806 828 alias
823 764 977 838 ciuitates,
1004 765 1149 826 omnibus·

169 853 318 928 Impurata
332 850 512 914 facientibus
529 849 632 926 quieto
648 848 786 912 exercitu
799 857 942 926 pacatum
957 865 1073 926 agrum,
1094 849 1148 931 qui,

169 937 262 1013 paulo
279 940 348 994 ante
362 931 477 1010 ingenti
490 935 620 996 tumultu
633 940 759 1009 arcera,
777 934 959 1010 peragravit
981 933 1059 994 haec
1073 933 1147 994 leni·

169 1028 217 1081 tas
233 1018 393 1095 praetoris,
410 1033 472 1095 qua
486 1017 553 1080 sine
565 1018 715 1094 sanguine
726 1017 948 1079 ferocissimam
960 1023 1082 1093 gentem
1093 1017 1137 1076 do

171 1109 305 1176 mearat,
328 1118 365 1164 eo
381 1101 495 1179 credor
512 1102 594 1178 plebi
610 1102 811 1178 patribusque
825 1102 904 1175 suit,-
918 1117 979 1177 quo
994 1101 1137 1161 crudelius

171 1188 357 1262 avariusque
377 1185 408 1248 in
431 1187 559 1248 Graecia
578 1186 720 1248 bellatum
742 1192 772 1246 et
792 1186 831 1246 ab
845 1187 973 1248 ecusule
986 1182 1103 1246 Licinio
1115 1191 1139 1246 ct

172 1272 210 1332 ab
223 1270 364 1331 Lucretio
387 1266 529 1347 praetore
549 1276 623 1330 erat.
650 1270 823 1331 Lucretium
842 1269 954 1332 tribuni
974 1267 1077 1347 plebis
1097 1268 1150 1351 ab,

173 1364 290 1416 sentem
305 1354 499 1415 contionibus
514 1354 652 1414 adsiduis
668 1353 852 1426 lacerabant
868 1369 937 1414 eum
951 1351 1140 1429 reipublicae

172 1454 268 1500 causa
289 1437 402 1498 abesse
422 1443 637 1498 excusareturr
670 1437 727 1498 sed
752 1443 814 1499 tum
835 1437 914 1499 adeo
936 1437 1038 1498 vicina
1060 1435 1140 1496 etiam

172 1521 364 1596 inexplorata
384 1526 486 1595 erant,
507 1527 541 1582 ut
561 1521 587 1580 is
608 1536 645 1582 eo
667 1528 804 1597 tempore
825 1521 855 1582 in
871 1537 945 1596 agro
961 1537 1020 1582 suo
1037 1518 1142 1581 Antiati

173 1611 271 1680 esset,
293 1619 467 1680 aquamque
487 1619 527 1664 ex
547 1604 698 1666 manubiis
718 1606 842 1666 Antium
862 1621 902 1665 ex
916 1603 1042 1665 flumine
1057 1603 1142 1664 Lora·

173 1687 262 1750 cinae
284 1687 417 1749 duceret
446 1687 478 1748 id
498 1704 579 1763 opus
600 1695 720 1750 centum
740 1689 861 1765 triginta
874 1687 996 1751 milibus
1011 1687 1093 1748 aeris
1107 1690 1142 1748 lo·

173 1787 264 1834 casse
287 1769 412 1833 diciturt
442 1771 552 1833 tabulis
580 1787 706 1848 quoque
730 1773 820 1847 pictis
845 1788 884 1832 ex
904 1772 1022 1850 praeda
1047 1771 1145 1832 lanum

174 1854 349 1932 Aesculapii
371 1858 540 1918 exornavit
561 1855 705 1918 invidiam
719 1854 936 1934 infamiamque
950 1856 989 1916 ab
1009 1855 1147 1917 Lucretio

168 1945 348 2002 'averterunt
372 1941 402 1999 io
427 1940 622 2002 Hortensium
648 1955 861 2002 successorem
892 1941 959 2001 eius
984 1939 1144 2002 Abderita

174 2024 279 2099 iegati,
305 2021 414 2084 dentes
435 2032 505 2085 ante
520 2024 633 2086 curiam
649 2029 875 2101 querentesque
897 2024 1047 2100 oppidum
1062 2039 1148 2085 suum

175 2106 213 2166 ab
227 2106 392 2168 Hortensio
407 2114 615 2185 expugnatum
630 2123 667 2171 ac
682 2107 834 2184 direptum
849 2123 936 2169 essct
956 2123 1085 2168 causam
1099 2111 1148 2168 eu<¹

175 2188 244 2248 oidii
258 2188 356 2251 luisse
371 2189 448 2265 urbi,
466 2191 550 2266 quod
565 2206 633 2252 cum
651 2200 772 2254 centum
783 2190 865 2252 milia
879 2191 1040 2254 denarium
1054 2199 1086 2254 et
1102 2190 1153 2252 tri-

174 2271 223 2332 tici
239 2272 458 2348 quinquaginta
471 2273 553 2336 milia
567 2276 700 2337 modium
716 2277 887 2353 imperaret,
908 2276 1042 2352 spatium
1058 2275 1150 2352 petie*

173 2355 245 2430 rint,
271 2372 334 2431 quo
355 2356 395 2416 de
415 2373 453 2418 ea
474 2374 508 2420 re
529 2367 559 2420 et
578 2359 619 2420 ad
632 2359 793 2421 Hostilium
808 2361 967 2422 consulem
979 2367 1011 2422 et
1024 2361 1151 2424 Romam

174 2438 326 2502 mitterent
340 2440 469 2516 legatos.
491 2440 619 2504 vixdum
635 2444 675 2504 ad
690 2444 847 2506 consulem
862 2460 898 2505 sa
913 2441 1108 2521 pervenisse,
1123 2460 1151 2504 e

173 2523 299 2586 audisse
310 2523 459 2600 oppidum
470 2533 686 2603 expugnatum,
699 2525 856 2604 principes
864 2526 1150 2603 securipercussos,

174 2607 232 2668 snb
247 2623 364 2670 corona
378 2615 498 2671 ceteros
514 2609 647 2672 venisse.
667 2610 792 2686 indigna
805 2627 856 2672 res
871 2612 991 2674 senatui
1005 2611 1086 2691 visa,
1102 2611 1149 2672 de

174 2700 397 2768 creveruntque
423 2694 532 2754 eadem
559 2694 598 2754 de
618 2695 789 2771 Abderitis,
817 2711 897 2772 quae
921 2697 960 2756 de
984 2692 1153 2758 coronao'

173 2773 373 2836 decreverant
387 2776 490 2851 priore
504 2793 601 2858 ann03
619 2778 791 2855 eademque
805 2795 862 2855 pro
875 2779 1017 2842 contione
1029 2779 1154 2840 edicer

174 2856 206 2929 Q.
222 2856 375 2919 Maenium
390 2865 561 2933 praetorem
577 2860 740 2922 iusserunt
763 2862 898 2939 allegati
913 2863 991 2938 duo,
1016 2863 1048 2924 c.
1066 2861 1150 2924 Sem-

172 2939 301 3014 pronius
322 2942 453 3002 Blaesus
475 2940 548 3002 Sex.
571 2943 666 3005 Iulius
688 2945 815 3020 caesar,
837 2947 877 3007 ad
897 2946 1107 3008 restituendos
1121 2946 1150 3004 in

172 3021 340 3084 libertatem
361 3022 525 3086 Abderitas
546 3027 641 3088 missi.
670 3027 779 3090 iisdem
791 3029 978 3105 mandatum,
998 3037 1033 3091 ut
1046 3036 1076 3090 et
1089 3030 1150 3090 Ho·

173 3105 252 3166 stilio
274 3107 393 3168 consuli
415 3115 445 3169 et
464 3110 627 3172 Hortensio
657 3111 790 3188 praetori
818 3114 990 3176 nuntiarent
1011 3119 1150 3176 senatum

171 3189 329 3252 Abderitis
341 3192 484 3254 iniustum
495 3193 608 3255 bellurn
619 3195 742 3272 illatum,
759 3197 962 3274 conquirique
976 3213 1084 3258 omnes
1100 3196 1165 3272 qui.

172 3271 202 3334 in
216 3275 363 3337 servitute
383 3276 446 3337 sint
459 3284 489 3338 et
502 3277 620 3341 restitui
634 3277 665 3340 in
680 3279 847 3342 libertatem
861 3297 995 3357 aequum
1010 3295 1149 3342 censere.

256 3358 294 3419 V.
315 3359 432 3421 Eodem
446 3367 583 3438 tempore
597 3364 636 3423 de
652 3362 685 3424 c.
700 3363 822 3438 Cassio,
846 3365 897 3441 qui
918 3365 1027 3425 consul
1049 3363 1151 3441 priore

172 3457 251 3504 anno
275 3443 384 3520 iuerat,
409 3452 473 3505 tum
492 3444 632 3527 tribunus
646 3445 772 3508 militum
787 3447 817 3508 in
832 3445 1014 3510 Macedonia
1029 3463 1097 3508 cum
1112 3448 1151 3508 A.
