<?xml version="1.0" encoding="UTF-8"?>
<!DOCTYPE html PUBLIC "-//W3C//DTD XHTML 1.0 Transitional//EN"
    "http://www.w3.org/TR/xhtml1/DTD/xhtml1-transitional.dtd">
<html xmlns="http://www.w3.org/1999/xhtml" xml:lang="en" lang="en">
 <head>
  <title>
</title>
<meta http-equiv="Content-Type" content="text/html;charset=utf-8" />
  <meta name='ocr-system' content='tesseract 3.04.00' />
  <meta name='ocr-capabilities' content='ocr_page ocr_carea ocr_par ocr_line ocrx_word'/>
</head>
<body>
  <div class='ocr_page' id='page_1' title='image "./titiliviaburbec01livygoog_0114.png"; bbox 0 0 2328 3870; ppageno 0'>
   <div class='ocr_carea' id='block_1_1' title="bbox 102 137 886 241">
    <p class='ocr_par' dir='ltr' id='par_1_1' title="bbox 102 137 886 241">
     <span class='ocr_line' id='line_1_1' title="bbox 102 137 886 241; baseline -0.008 -9"><span class='ocrx_word' id='word_1_1' title='bbox 102 169 145 234; x_wconf 79' lang='lat'><strong>88</strong></span> <span class='ocrx_word' id='word_1_2' title='bbox 197 137 203 144; x_wconf 56' lang='lat'><em>⁷</em></span> <span class='ocrx_word' id='word_1_3' title='bbox 313 167 797 241; x_wconf 67' lang='lat' dir='ltr'><strong>Ltssuuxt.c.t1³.lo.[s.u0</strong></span> <span class='ocrx_word' id='word_1_4' title='bbox 822 171 886 238; x_wconf 80' lang='lat' dir='ltr'><strong>sm]</strong></span> 
     </span>
    </p>
   </div>
   <div class='ocr_carea' id='block_1_2' title="bbox 83 317 1161 3060">
    <p class='ocr_par' dir='ltr' id='par_1_2' title="bbox 83 317 1161 3060">
     <span class='ocr_line' id='line_1_2' title="bbox 100 317 1110 394; baseline -0.001 -17"><span class='ocrx_word' id='word_1_5' title='bbox 100 322 182 394; x_wconf 88' lang='lat' dir='ltr'><strong>lium,</strong></span> <span class='ocrx_word' id='word_1_6' title='bbox 198 321 255 382; x_wconf 91' lang='lat' dir='ltr'><strong>sed</strong></span> <span class='ocrx_word' id='word_1_7' title='bbox 269 321 354 381; x_wconf 83' lang='lat' dir='ltr'><strong>vario</strong></span> <span class='ocrx_word' id='word_1_8' title='bbox 364 323 485 382; x_wconf 83' lang='lat' dir='ltr'><strong>fortune</strong></span> <span class='ocrx_word' id='word_1_9' title='bbox 495 329 569 381; x_wconf 83' lang='lat' dir='ltr'><strong>erut</strong></span> <span class='ocrx_word' id='word_1_10' title='bbox 591 319 713 394; x_wconf 75' lang='lat' dir='ltr'>egregie</span> <span class='ocrx_word' id='word_1_11' title='bbox 727 318 877 394; x_wconf 88' lang='lat' dir='ltr'><strong>legiones,</strong></span> <span class='ocrx_word' id='word_1_12' title='bbox 891 331 952 376; x_wconf 87' lang='lat' dir='ltr'><strong>neo</strong></span> <span class='ocrx_word' id='word_1_13' title='bbox 963 317 1110 390; x_wconf 84' lang='lat' dir='ltr'><strong>segnius</strong></span> 
     </span>
     <span class='ocr_line' id='line_1_3' title="bbox 101 399 1109 480; baseline -0.002 -18"><span class='ocrx_word' id='word_1_14' title='bbox 101 404 181 463; x_wconf 83' lang='lat' dir='ltr'>duae</span> <span class='ocrx_word' id='word_1_15' title='bbox 195 405 261 464; x_wconf 83' lang='lat' dir='ltr'><strong>ulae</strong></span> <span class='ocrx_word' id='word_1_16' title='bbox 276 404 469 480; x_wconf 75' lang='lat' dir='ltr'><strong>pugnabant:</strong></span> <span class='ocrx_word' id='word_1_17' title='bbox 493 411 620 464; x_wconf 74' lang='lat' dir='ltr'><strong>oxtmne</strong></span> <span class='ocrx_word' id='word_1_18' title='bbox 632 400 749 462; x_wconf 82' lang='lat' dir='ltr'><strong>auxilio</strong></span> <span class='ocrx_word' id='word_1_19' title='bbox 762 401 802 461; x_wconf 85' lang='lat' dir='ltr'><strong>nb</strong></span> <span class='ocrx_word' id='word_1_20' title='bbox 817 399 910 462; x_wconf 81' lang='lat' dir='ltr'>simili</span> <span class='ocrx_word' id='word_1_21' title='bbox 925 407 1109 470; x_wconf 80' lang='lat' dir='ltr'><strong>armature,</strong></span> 
     </span>
     <span class='ocr_line' id='line_1_4' title="bbox 99 485 1110 568; baseline -0.004 -22"><span class='ocrx_word' id='word_1_22' title='bbox 99 488 225 548; x_wconf 85' lang='lat' dir='ltr'><strong>meliore</strong></span> <span class='ocrx_word' id='word_1_23' title='bbox 239 489 428 563; x_wconf 81' lang='lat' dir='ltr'><strong>aliquantum</strong></span> <span class='ocrx_word' id='word_1_24' title='bbox 437 487 564 546; x_wconf 91' lang='lat' dir='ltr'><strong>militum</strong></span> <span class='ocrx_word' id='word_1_25' title='bbox 574 485 901 568; x_wconf 77' lang='lat' dir='ltr'><strong>genereurgebsntur,</strong></span> <span class='ocrx_word' id='word_1_26' title='bbox 916 499 976 544; x_wconf 86' lang='lat' dir='ltr'><strong>neo</strong></span> <span class='ocrx_word' id='word_1_27' title='bbox 991 485 1110 544; x_wconf 80' lang='lat' dir='ltr'><strong>locum</strong></span> 
     </span>
     <span class='ocr_line' id='line_1_5' title="bbox 100 566 1109 646; baseline -0.002 -18"><span class='ocrx_word' id='word_1_28' title='bbox 100 570 178 629; x_wconf 87' lang='lat' dir='ltr'><strong>tueri</strong></span> <span class='ocrx_word' id='word_1_29' title='bbox 193 577 343 646; x_wconf 80' lang='lat' dir='ltr'><strong>poterant</strong></span> <span class='ocrx_word' id='word_1_30' title='bbox 364 570 506 630; x_wconf 85' lang='lat' dir='ltr'><strong>celtiberi</strong></span> <span class='ocrx_word' id='word_1_31' title='bbox 521 570 574 629; x_wconf 90' lang='lat' dir='ltr'><strong>ubi</strong></span> <span class='ocrx_word' id='word_1_32' title='bbox 584 567 724 630; x_wconf 82' lang='lat' dir='ltr'><strong>ordinatu</strong></span> <span class='ocrx_word' id='word_1_33' title='bbox 737 569 806 628; x_wconf 82' lang='lat' dir='ltr'><strong>acie</strong></span> <span class='ocrx_word' id='word_1_34' title='bbox 817 573 848 627; x_wconf 91' lang='lat' dir='ltr'><strong>et</strong></span> <span class='ocrx_word' id='word_1_35' title='bbox 858 567 959 642; x_wconf 84' lang='lat' dir='ltr'><strong>signis</strong></span> <span class='ocrx_word' id='word_1_36' title='bbox 972 566 1109 626; x_wconf 85' lang='lat' dir='ltr'><strong>collatis</strong></span> 
     </span>
     <span class='ocr_line' id='line_1_6' title="bbox 99 648 1109 728; baseline 0.001 -19"><span class='ocrx_word' id='word_1_37' title='bbox 99 667 211 714; x_wconf 90' lang='lat' dir='ltr'><strong>senon</strong></span> <span class='ocrx_word' id='word_1_38' title='bbox 226 669 299 714; x_wconf 88' lang='lat' dir='ltr'><strong>esse</strong></span> <span class='ocrx_word' id='word_1_39' title='bbox 313 668 405 728; x_wconf 80' lang='lat' dir='ltr'><strong>peres</strong></span> <span class='ocrx_word' id='word_1_40' title='bbox 419 652 593 726; x_wconf 79' lang='lat' dir='ltr'>legionibus</span> <span class='ocrx_word' id='word_1_41' title='bbox 601 658 781 725; x_wconf 84' lang='lat' dir='ltr'><strong>senserunt,</strong></span> <span class='ocrx_word' id='word_1_42' title='bbox 796 665 899 710; x_wconf 84' lang='lat' dir='ltr'><strong>cuneo</strong></span> <span class='ocrx_word' id='word_1_43' title='bbox 910 648 1109 725; x_wconf 87' lang='lat' dir='ltr'><strong>impressio-</strong></span> 
     </span>
     <span class='ocr_line' id='line_1_7' title="bbox 98 736 1108 810; baseline -0.001 -18"><span class='ocrx_word' id='word_1_44' title='bbox 98 751 169 794; x_wconf 86' lang='lat' dir='ltr'><strong>nem</strong></span> <span class='ocrx_word' id='word_1_45' title='bbox 184 737 336 803; x_wconf 82' lang='lat' dir='ltr'><strong>leoerunt;</strong></span> <span class='ocrx_word' id='word_1_46' title='bbox 357 752 420 810; x_wconf 89' lang='lat' dir='ltr'><strong>quo</strong></span> <span class='ocrx_word' id='word_1_47' title='bbox 434 742 552 795; x_wconf 84' lang='lat' dir='ltr'><strong>tantum</strong></span> <span class='ocrx_word' id='word_1_48' title='bbox 566 736 667 795; x_wconf 83' lang='lat' dir='ltr'><strong>valent</strong></span> <span class='ocrx_word' id='word_1_49' title='bbox 680 750 796 808; x_wconf 78' lang='lat' dir='ltr'><strong>genere</strong></span> <span class='ocrx_word' id='word_1_50' title='bbox 809 749 947 808; x_wconf 79' lang='lat' dir='ltr'><strong>pugnae,</strong></span> <span class='ocrx_word' id='word_1_51' title='bbox 965 741 1005 794; x_wconf 88' lang='lat' dir='ltr'><strong>ut</strong></span> <span class='ocrx_word' id='word_1_52' title='bbox 1022 747 1108 807; x_wconf 82' lang='lat' dir='ltr'><strong>qua-</strong></span> 
     </span>
     <span class='ocr_line' id='line_1_8' title="bbox 97 816 1108 893; baseline -0.001 -16"><span class='ocrx_word' id='word_1_53' title='bbox 97 831 230 893; x_wconf 84' lang='lat' dir='ltr'><strong>cumque</strong></span> <span class='ocrx_word' id='word_1_54' title='bbox 250 826 338 892; x_wconf 82' lang='lat' dir='ltr'><strong>parte</strong></span> <span class='ocrx_word' id='word_1_55' title='bbox 358 819 517 892; x_wconf 84' lang='lat' dir='ltr'><strong>perculere</strong></span> <span class='ocrx_word' id='word_1_56' title='bbox 537 820 653 893; x_wconf 87' lang='lat' dir='ltr'><strong>impetu</strong></span> <span class='ocrx_word' id='word_1_57' title='bbox 666 835 742 891; x_wconf 88' lang='lat' dir='ltr'><strong>suo,</strong></span> <span class='ocrx_word' id='word_1_58' title='bbox 761 816 910 878; x_wconf 82' lang='lat' dir='ltr'>sustineri</span> <span class='ocrx_word' id='word_1_59' title='bbox 926 822 1108 892; x_wconf 76' lang='lat' dir='ltr'><strong>nequeant.</strong></span> 
     </span>
     <span class='ocr_line' id='line_1_9' title="bbox 95 899 1109 976; baseline 0.002 -18"><span class='ocrx_word' id='word_1_60' title='bbox 95 907 170 960; x_wconf 84' lang='lat' dir='ltr'><strong>tuno</strong></span> <span class='ocrx_word' id='word_1_61' title='bbox 196 917 323 975; x_wconf 89' lang='lat' dir='ltr'><strong>quoque</strong></span> <span class='ocrx_word' id='word_1_62' title='bbox 350 899 490 961; x_wconf 75' lang='lat' dir='ltr'><strong>turbatae</strong></span> <span class='ocrx_word' id='word_1_63' title='bbox 513 903 653 976; x_wconf 84' lang='lat' dir='ltr'><strong>legiones</strong></span> <span class='ocrx_word' id='word_1_64' title='bbox 678 908 765 975; x_wconf 88' lang='lat' dir='ltr'><strong>sunt,</strong></span> <span class='ocrx_word' id='word_1_65' title='bbox 794 915 897 976; x_wconf 83' lang='lat' dir='ltr'><strong>prope</strong></span> <span class='ocrx_word' id='word_1_66' title='bbox 922 899 1109 975; x_wconf 82' lang='lat' dir='ltr'><strong>interrupto</strong></span> 
     </span>
     <span class='ocr_line' id='line_1_10' title="bbox 96 981 1109 1059; baseline 0.004 -19"><span class='ocrx_word' id='word_1_67' title='bbox 96 981 192 1042; x_wconf 82' lang='lat' dir='ltr'><strong>acies.</strong></span> <span class='ocrx_word' id='word_1_68' title='bbox 222 999 315 1058; x_wconf 78' lang='lat' dir='ltr'><strong>quum</strong></span> <span class='ocrx_word' id='word_1_69' title='bbox 337 984 575 1058; x_wconf 83' lang='lat' dir='ltr'><strong>trepidationem</strong></span> <span class='ocrx_word' id='word_1_70' title='bbox 587 985 641 1045; x_wconf 92' lang='lat' dir='ltr'><strong>ubi</strong></span> <span class='ocrx_word' id='word_1_71' title='bbox 654 985 785 1046; x_wconf 80' lang='lat' dir='ltr'>Flaccus</span> <span class='ocrx_word' id='word_1_72' title='bbox 800 984 985 1059; x_wconf 81' lang='lat' dir='ltr'><strong>conspexit,</strong></span> <span class='ocrx_word' id='word_1_73' title='bbox 1013 998 1109 1057; x_wconf 91' lang='lat' dir='ltr'><strong>equo</strong></span> 
     </span>
     <span class='ocr_line' id='line_1_11' title="bbox 93 1063 1108 1144; baseline 0.006 -22"><span class='ocrx_word' id='word_1_74' title='bbox 93 1063 257 1127; x_wconf 82' lang='lat' dir='ltr'><strong>advebitm·</strong></span> <span class='ocrx_word' id='word_1_75' title='bbox 270 1067 311 1126; x_wconf 85' lang='lat' dir='ltr'><strong>ud</strong></span> <span class='ocrx_word' id='word_1_76' title='bbox 326 1067 515 1142; x_wconf 77' lang='lat' dir='ltr'><strong>legionarios</strong></span> <span class='ocrx_word' id='word_1_77' title='bbox 529 1069 660 1144; x_wconf 87' lang='lat' dir='ltr'><strong>equites,</strong></span> <span class='ocrx_word' id='word_1_78' title='bbox 673 1075 706 1128; x_wconf 89' lang='lat' dir='ltr'><strong>et</strong></span> <span class='ocrx_word' id='word_1_79' title='bbox 718 1069 853 1143; x_wconf 84' lang='lat' dir='ltr'><strong>„enquid</strong></span> <span class='ocrx_word' id='word_1_80' title='bbox 867 1066 977 1128; x_wconf 79' lang='lat' dir='ltr'><strong>auxilii</strong></span> <span class='ocrx_word' id='word_1_81' title='bbox 994 1067 1029 1124; x_wconf 92' lang='lat' dir='ltr'><strong>in</strong></span> <span class='ocrx_word' id='word_1_82' title='bbox 1049 1083 1108 1128; x_wconf 77' lang='lat' dir='ltr'><strong>vo</strong></span> 
     </span>
     <span class='ocr_line' id='line_1_12' title="bbox 93 1145 1109 1225; baseline 0.005 -20"><span class='ocrx_word' id='word_1_83' title='bbox 93 1145 142 1205; x_wconf 92' lang='lat' dir='ltr'><strong>bis</strong></span> <span class='ocrx_word' id='word_1_84' title='bbox 158 1155 227 1209; x_wconf 75' lang='lat' dir='ltr'><strong>esti</strong></span> <span class='ocrx_word' id='word_1_85' title='bbox 246 1156 350 1210; x_wconf 82' lang='lat' dir='ltr'><strong>aetum</strong></span> <span class='ocrx_word' id='word_1_86' title='bbox 370 1151 431 1209; x_wconf 81' lang='lat' dir='ltr'><strong>inm</strong></span> <span class='ocrx_word' id='word_1_87' title='bbox 451 1150 493 1210; x_wconf 88' lang='lat' dir='ltr'><strong>de</strong></span> <span class='ocrx_word' id='word_1_88' title='bbox 505 1149 566 1212; x_wconf 86' lang='lat' dir='ltr'><strong>boo</strong></span> <span class='ocrx_word' id='word_1_89' title='bbox 580 1152 720 1212; x_wconf 82' lang='lat' dir='ltr'><strong>exercitu</strong></span> <span class='ocrx_word' id='word_1_90' title='bbox 734 1152 832 1211; x_wconf 68' lang='lat' dir='ltr'><strong>eritt‘</strong></span> <span class='ocrx_word' id='word_1_91' title='bbox 860 1166 934 1211; x_wconf 85' lang='lat' dir='ltr'><strong>omn</strong></span> <span class='ocrx_word' id='word_1_92' title='bbox 954 1149 1109 1225; x_wconf 87' lang='lat' dir='ltr'><strong>undique</strong></span> 
     </span>
     <span class='ocr_line' id='line_1_13' title="bbox 92 1229 1110 1310; baseline 0.006 -23"><span class='ocrx_word' id='word_1_93' title='bbox 92 1229 335 1308; x_wconf 78' lang='lat' dir='ltr'><strong>acclamassent,</strong></span> <span class='ocrx_word' id='word_1_94' title='bbox 358 1234 432 1309; x_wconf 88' lang='lat' dir='ltr'><strong>quin</strong></span> <span class='ocrx_word' id='word_1_95' title='bbox 450 1233 572 1308; x_wconf 80' lang='lat' dir='ltr'><strong>ederet,</strong></span> <span class='ocrx_word' id='word_1_96' title='bbox 593 1235 668 1310; x_wconf 90' lang='lat' dir='ltr'><strong>quid</strong></span> <span class='ocrx_word' id='word_1_97' title='bbox 683 1235 750 1294; x_wconf 87' lang='lat' dir='ltr'><strong>deri</strong></span> <span class='ocrx_word' id='word_1_98' title='bbox 766 1234 855 1308; x_wconf 83' lang='lat' dir='ltr'><strong>velit,</strong></span> <span class='ocrx_word' id='word_1_99' title='bbox 876 1249 939 1295; x_wconf 91' lang='lat' dir='ltr'><strong>nou</strong></span> <span class='ocrx_word' id='word_1_100' title='bbox 956 1234 1110 1308; x_wconf 78' lang='lat' dir='ltr'><strong>segniter</strong></span> 
     </span>
     <span class='ocr_line' id='line_1_14' title="bbox 91 1312 1106 1393; baseline 0.008 -23"><span class='ocrx_word' id='word_1_101' title='bbox 91 1312 253 1388; x_wconf 88' lang='lat' dir='ltr'><strong>imperium</strong></span> <span class='ocrx_word' id='word_1_102' title='bbox 268 1323 493 1385; x_wconf 66' lang='lat' dir='ltr'><strong>exsecuturum</strong></span> <span class='ocrx_word' id='word_1_103' title='bbox 520 1318 698 1392; x_wconf 75' lang='lat' dir='ltr'><strong>„duplicate</strong></span> <span class='ocrx_word' id='word_1_104' title='bbox 712 1323 849 1378; x_wconf 79' lang='lat' dir='ltr'><strong>tununs“</strong></span> <span class='ocrx_word' id='word_1_105' title='bbox 863 1317 982 1393; x_wconf 90' lang='lat' dir='ltr'><strong>inquit,</strong></span> <span class='ocrx_word' id='word_1_106' title='bbox 999 1317 1106 1391; x_wconf 83' lang='lat' dir='ltr'><strong>„dua-</strong></span> 
     </span>
     <span class='ocr_line' id='line_1_15' title="bbox 90 1396 1109 1476; baseline 0.01 -24"><span class='ocrx_word' id='word_1_107' title='bbox 90 1409 160 1452; x_wconf 89' lang='lat' dir='ltr'><strong>rum</strong></span> <span class='ocrx_word' id='word_1_108' title='bbox 174 1396 332 1469; x_wconf 87' lang='lat' dir='ltr'><strong>legionum</strong></span> <span class='ocrx_word' id='word_1_109' title='bbox 346 1400 484 1472; x_wconf 85' lang='lat' dir='ltr'><strong>equites,</strong></span> <span class='ocrx_word' id='word_1_110' title='bbox 502 1407 534 1458; x_wconf 90' lang='lat' dir='ltr'><strong>et</strong></span> <span class='ocrx_word' id='word_1_111' title='bbox 546 1401 711 1474; x_wconf 85' lang='lat' dir='ltr'><strong>permittite</strong></span> <span class='ocrx_word' id='word_1_112' title='bbox 724 1416 826 1476; x_wconf 88' lang='lat' dir='ltr'><strong>equos</strong></span> <span class='ocrx_word' id='word_1_113' title='bbox 839 1401 872 1460; x_wconf 93' lang='lat' dir='ltr'><strong>in</strong></span> <span class='ocrx_word' id='word_1_114' title='bbox 887 1416 1029 1462; x_wconf 81' lang='lat' dir='ltr'><strong>cuneum</strong></span> <span class='ocrx_word' id='word_1_115' title='bbox 1047 1401 1109 1462; x_wconf 90' lang='lat' dir='ltr'><strong>ho-</strong></span> 
     </span>
     <span class='ocr_line' id='line_1_16' title="bbox 91 1475 1106 1559; baseline 0.01 -25"><span class='ocrx_word' id='word_1_116' title='bbox 91 1475 193 1549; x_wconf 87' lang='lat' dir='ltr'><strong>stium,</strong></span> <span class='ocrx_word' id='word_1_117' title='bbox 208 1494 271 1550; x_wconf 92' lang='lat' dir='ltr'><strong>quo</strong></span> <span class='ocrx_word' id='word_1_118' title='bbox 286 1488 415 1540; x_wconf 90' lang='lat' dir='ltr'><strong>nostros</strong></span> <span class='ocrx_word' id='word_1_119' title='bbox 429 1489 549 1554; x_wconf 85' lang='lat' dir='ltr'><strong>urgent</strong></span> <span class='ocrx_word' id='word_1_120' title='bbox 569 1483 602 1542; x_wconf 93' lang='lat' dir='ltr'><strong>id</strong></span> <span class='ocrx_word' id='word_1_121' title='bbox 617 1499 685 1544; x_wconf 88' lang='lat' dir='ltr'><strong>oum</strong></span> <span class='ocrx_word' id='word_1_122' title='bbox 700 1485 818 1544; x_wconf 83' lang='lat' dir='ltr'><strong>maiore</strong></span> <span class='ocrx_word' id='word_1_123' title='bbox 828 1485 861 1544; x_wconf 85' lang='lat' dir='ltr'><strong>vi</strong></span> <span class='ocrx_word' id='word_1_124' title='bbox 876 1499 1041 1559; x_wconf 88' lang='lat' dir='ltr'><strong>equorum</strong></span> <span class='ocrx_word' id='word_1_125' title='bbox 1061 1485 1106 1546; x_wconf 73' lang='lat' dir='ltr'><strong>le</strong></span> 
     </span>
     <span class='ocr_line' id='line_1_17' title="bbox 91 1556 1109 1644; baseline 0.017 -31"><span class='ocrx_word' id='word_1_126' title='bbox 91 1556 195 1628; x_wconf 86' lang='lat' dir='ltr'><strong>cletis,</strong></span> <span class='ocrx_word' id='word_1_127' title='bbox 217 1558 245 1618; x_wconf 90' lang='lat' dir='ltr'><strong>si</strong></span> <span class='ocrx_word' id='word_1_128' title='bbox 263 1559 435 1622; x_wconf 81' lang='lat' dir='ltr'><strong>effrenatos</strong></span> <span class='ocrx_word' id='word_1_129' title='bbox 456 1561 487 1622; x_wconf 92' lang='lat' dir='ltr'><strong>in</strong></span> <span class='ocrx_word' id='word_1_130' title='bbox 504 1579 560 1624; x_wconf 89' lang='lat' dir='ltr'><strong>eos</strong></span> <span class='ocrx_word' id='word_1_131' title='bbox 575 1581 676 1640; x_wconf 90' lang='lat' dir='ltr'><strong>equos</strong></span> <span class='ocrx_word' id='word_1_132' title='bbox 690 1566 867 1638; x_wconf 76' lang='lat' dir='ltr'><strong>immittitis3</strong></span> <span class='ocrx_word' id='word_1_133' title='bbox 892 1568 983 1642; x_wconf 89' lang='lat' dir='ltr'><strong>quod</strong></span> <span class='ocrx_word' id='word_1_134' title='bbox 1000 1583 1109 1644; x_wconf 78' lang='lat' dir='ltr'><strong>saepe</strong></span> 
     </span>
     <span class='ocr_line' id='line_1_18' title="bbox 88 1637 1157 1730; baseline 0.016 -34"><span class='ocrx_word' id='word_1_135' title='bbox 88 1637 247 1701; x_wconf 80' lang='lat' dir='ltr'><strong>Romanos</strong></span> <span class='ocrx_word' id='word_1_136' title='bbox 263 1643 388 1718; x_wconf 87' lang='lat' dir='ltr'><strong>equites</strong></span> <span class='ocrx_word' id='word_1_137' title='bbox 404 1659 474 1706; x_wconf 85' lang='lat' dir='ltr'><strong>oum</strong></span> <span class='ocrx_word' id='word_1_138' title='bbox 488 1662 601 1722; x_wconf 81' lang='lat' dir='ltr'><strong>magne</strong></span> <span class='ocrx_word' id='word_1_139' title='bbox 615 1650 707 1710; x_wconf 83' lang='lat' dir='ltr'><strong>laude</strong></span> <span class='ocrx_word' id='word_1_140' title='bbox 721 1649 837 1730; x_wconf 80' lang='lat' dir='ltr'><strong>lenisse</strong></span> <span class='ocrx_word' id='word_1_141' title='bbox 851 1667 912 1712; x_wconf 85' lang='lat' dir='ltr'><strong>suu</strong></span> <span class='ocrx_word' id='word_1_142' title='bbox 922 1652 1109 1712; x_wconf 83' lang='lat' dir='ltr'><strong>memoriae</strong></span> <span class='ocrx_word' id='word_1_143' title='bbox 1153 1684 1157 1693; x_wconf 94' lang='lat'>·</span> 
     </span>
     <span class='ocr_line' id='line_1_19' title="bbox 89 1720 1109 1810; baseline 0.016 -32"><span class='ocrx_word' id='word_1_144' title='bbox 89 1720 245 1792; x_wconf 90' lang='lat' dir='ltr'><strong>proditum</strong></span> <span class='ocrx_word' id='word_1_145' title='bbox 266 1731 349 1786; x_wconf 78' lang='lat' dir='ltr'><strong>est⁴⁴</strong></span> <span class='ocrx_word' id='word_1_146' title='bbox 384 1727 468 1789; x_wconf 83' lang='lat' dir='ltr'><strong>dieto</strong></span> <span class='ocrx_word' id='word_1_147' title='bbox 490 1741 675 1805; x_wconf 85' lang='lat' dir='ltr'><strong>paruerunt,</strong></span> <span class='ocrx_word' id='word_1_148' title='bbox 696 1733 910 1810; x_wconf 78' lang='lat' dir='ltr'><strong>detractisque</strong></span> <span class='ocrx_word' id='word_1_149' title='bbox 931 1734 1038 1795; x_wconf 85' lang='lat' dir='ltr'><strong>irenis</strong></span> <span class='ocrx_word' id='word_1_150' title='bbox 1056 1735 1109 1796; x_wconf 90' lang='lat' dir='ltr'><strong>bis</strong></span> 
     </span>
     <span class='ocr_line' id='line_1_20' title="bbox 88 1803 1108 1892; baseline 0.016 -31"><span class='ocrx_word' id='word_1_151' title='bbox 88 1803 168 1863; x_wconf 91' lang='lat' dir='ltr'><strong>ultro</strong></span> <span class='ocrx_word' id='word_1_152' title='bbox 184 1805 326 1882; x_wconf 82' lang='lat' dir='ltr'><strong>citroque</strong></span> <span class='ocrx_word' id='word_1_153' title='bbox 343 1825 416 1870; x_wconf 91' lang='lat' dir='ltr'><strong>oum</strong></span> <span class='ocrx_word' id='word_1_154' title='bbox 429 1827 543 1886; x_wconf 80' lang='lat' dir='ltr'><strong>magno</strong></span> <span class='ocrx_word' id='word_1_155' title='bbox 558 1822 662 1890; x_wconf 82' lang='lat' dir='ltr'><strong>strage</strong></span> <span class='ocrx_word' id='word_1_156' title='bbox 676 1816 822 1892; x_wconf 88' lang='lat' dir='ltr'><strong>hostium,</strong></span> <span class='ocrx_word' id='word_1_157' title='bbox 837 1818 983 1878; x_wconf 82' lang='lat' dir='ltr'><strong>inlrnolis</strong></span> <span class='ocrx_word' id='word_1_158' title='bbox 1000 1819 1108 1880; x_wconf 91' lang='lat' dir='ltr'><strong>omni·</strong></span> 
     </span>
     <span class='ocr_line' id='line_1_21' title="bbox 89 1883 1108 1976; baseline 0.018 -34"><span class='ocrx_word' id='word_1_159' title='bbox 89 1883 146 1944; x_wconf 90' lang='lat' dir='ltr'><strong>bus</strong></span> <span class='ocrx_word' id='word_1_160' title='bbox 161 1886 268 1961; x_wconf 88' lang='lat' dir='ltr'><strong>hastis,</strong></span> <span class='ocrx_word' id='word_1_161' title='bbox 285 1899 549 1956; x_wconf 82' lang='lat' dir='ltr'><strong>transourrerunt.</strong></span> <span class='ocrx_word' id='word_1_162' title='bbox 572 1897 724 1974; x_wconf 84' lang='lat' dir='ltr'><strong>dissipato</strong></span> <span class='ocrx_word' id='word_1_163' title='bbox 740 1916 852 1974; x_wconf 83' lang='lat' dir='ltr'><strong>cuneo,</strong></span> <span class='ocrx_word' id='word_1_164' title='bbox 868 1902 901 1960; x_wconf 92' lang='lat' dir='ltr'><strong>in</strong></span> <span class='ocrx_word' id='word_1_165' title='bbox 918 1917 986 1976; x_wconf 91' lang='lat' dir='ltr'><strong>quo</strong></span> <span class='ocrx_word' id='word_1_166' title='bbox 998 1903 1108 1963; x_wconf 88' lang='lat' dir='ltr'><strong>omnis</strong></span> 
     </span>
     <span class='ocr_line' id='line_1_22' title="bbox 88 1971 1108 2061; baseline 0.017 -33"><span class='ocrx_word' id='word_1_167' title='bbox 88 1981 163 2039; x_wconf 86' lang='lat' dir='ltr'><strong>spes</strong></span> <span class='ocrx_word' id='word_1_168' title='bbox 189 1971 304 2046; x_wconf 83' lang='lat' dir='ltr'><strong>luerat,</strong></span> <span class='ocrx_word' id='word_1_169' title='bbox 332 1975 478 2036; x_wconf 84' lang='lat' dir='ltr'><strong>celtiberi</strong></span> <span class='ocrx_word' id='word_1_170' title='bbox 498 1979 656 2055; x_wconf 81' lang='lat' dir='ltr'><strong>trepidare</strong></span> <span class='ocrx_word' id='word_1_171' title='bbox 675 1990 707 2042; x_wconf 87' lang='lat' dir='ltr'><strong>et</strong></span> <span class='ocrx_word' id='word_1_172' title='bbox 727 1998 827 2060; x_wconf 91' lang='lat' dir='ltr'><strong>prope</strong></span> <span class='ocrx_word' id='word_1_173' title='bbox 848 1983 972 2046; x_wconf 84' lang='lat' dir='ltr'><strong>omissa</strong></span> <span class='ocrx_word' id='word_1_174' title='bbox 993 2001 1108 2061; x_wconf 80' lang='lat' dir='ltr'><strong>pugne</strong></span> 
     </span>
     <span class='ocr_line' id='line_1_23' title="bbox 87 2048 1110 2144; baseline 0.023 -41"><span class='ocrx_word' id='word_1_175' title='bbox 87 2048 187 2108; x_wconf 87' lang='lat' dir='ltr'><strong>locum</strong></span> <span class='ocrx_word' id='word_1_176' title='bbox 209 2053 303 2126; x_wconf 80' lang='lat' dir='ltr'><strong>rugae</strong></span> <span class='ocrx_word' id='word_1_177' title='bbox 325 2057 580 2134; x_wconf 79' lang='lat' dir='ltr'><strong>circumspicere.</strong></span> <span class='ocrx_word' id='word_1_178' title='bbox 613 2073 645 2125; x_wconf 86' lang='lat' dir='ltr'><strong>et</strong></span> <span class='ocrx_word' id='word_1_179' title='bbox 663 2066 750 2125; x_wconf 86' lang='lat' dir='ltr'><strong>alarii</strong></span> <span class='ocrx_word' id='word_1_180' title='bbox 776 2069 900 2143; x_wconf 89' lang='lat' dir='ltr'><strong>equites</strong></span> <span class='ocrx_word' id='word_1_181' title='bbox 926 2077 1110 2144; x_wconf 85' lang='lat' dir='ltr'><strong>postquam</strong></span> 
     </span>
     <span class='ocr_line' id='line_1_24' title="bbox 86 2129 1110 2226; baseline 0.022 -36"><span class='ocrx_word' id='word_1_182' title='bbox 86 2129 298 2224; x_wconf 59' lang='lat' dir='ltr'><strong>Romanorum</strong></span> <span class='ocrx_word' id='word_1_183' title='bbox 320 2140 463 2211; x_wconf 85' lang='lat' dir='ltr'><strong>equitum</strong></span> <span class='ocrx_word' id='word_1_184' title='bbox 484 2150 547 2202; x_wconf 80' lang='lat' dir='ltr'><strong>tem</strong></span> <span class='ocrx_word' id='word_1_185' title='bbox 564 2148 764 2209; x_wconf 82' lang='lat' dir='ltr'><strong>memorabile</strong></span> <span class='ocrx_word' id='word_1_186' title='bbox 779 2151 902 2212; x_wconf 82' lang='lat' dir='ltr'><strong>fucinus</strong></span> <span class='ocrx_word' id='word_1_187' title='bbox 917 2151 1053 2226; x_wconf 88' lang='lat' dir='ltr'><strong>videre,</strong></span> <span class='ocrx_word' id='word_1_188' title='bbox 1078 2160 1110 2214; x_wconf 89' lang='lat' dir='ltr'><strong>et</strong></span> 
     </span>
     <span class='ocr_line' id='line_1_25' title="bbox 85 2219 1109 2310; baseline 0.016 -29"><span class='ocrx_word' id='word_1_189' title='bbox 85 2223 146 2281; x_wconf 68' lang='grc'><strong>11131</strong></span> <span class='ocrx_word' id='word_1_190' title='bbox 166 2219 278 2305; x_wconf 72' lang='lat' dir='ltr'><strong>virtute</strong></span> <span class='ocrx_word' id='word_1_191' title='bbox 299 2231 413 2279; x_wconf 88' lang='lat' dir='ltr'><strong>eorum</strong></span> <span class='ocrx_word' id='word_1_192' title='bbox 434 2227 561 2286; x_wconf 84' lang='lat' dir='ltr'><strong>oooensi</strong></span> <span class='ocrx_word' id='word_1_193' title='bbox 582 2229 650 2288; x_wconf 89' lang='lat' dir='ltr'><strong>sine</strong></span> <span class='ocrx_word' id='word_1_194' title='bbox 662 2231 756 2292; x_wconf 94' lang='lat' dir='ltr'><strong>ullius</strong></span> <span class='ocrx_word' id='word_1_195' title='bbox 776 2232 910 2309; x_wconf 87' lang='lat' dir='ltr'><strong>imperio</strong></span> <span class='ocrx_word' id='word_1_196' title='bbox 927 2235 962 2294; x_wconf 92' lang='lat' dir='ltr'><strong>in</strong></span> <span class='ocrx_word' id='word_1_197' title='bbox 978 2245 1109 2310; x_wconf 89' lang='lat' dir='ltr'><strong>pertur-</strong></span> 
     </span>
     <span class='ocr_line' id='line_1_26' title="bbox 85 2289 1158 2388; baseline 0.031 -42"><span class='ocrx_word' id='word_1_198' title='bbox 85 2289 175 2350; x_wconf 87' lang='lat' dir='ltr'><strong>batos</strong></span> <span class='ocrx_word' id='word_1_199' title='bbox 200 2309 260 2388; x_wconf 71' lang='lat' dir='ltr'><strong>rum</strong></span> <span class='ocrx_word' id='word_1_200' title='bbox 280 2296 395 2361; x_wconf 89' lang='lat' dir='ltr'><strong>hostes</strong></span> <span class='ocrx_word' id='word_1_201' title='bbox 425 2319 527 2379; x_wconf 89' lang='lat' dir='ltr'><strong>equos</strong></span> <span class='ocrx_word' id='word_1_202' title='bbox 546 2309 716 2374; x_wconf 89' lang='lat' dir='ltr'><strong>immittunt.</strong></span> <span class='ocrx_word' id='word_1_203' title='bbox 753 2322 829 2377; x_wconf 87' lang='lat' dir='ltr'><strong>tuno</strong></span> <span class='ocrx_word' id='word_1_204' title='bbox 850 2334 929 2379; x_wconf 90' lang='lat' dir='ltr'><strong>vero</strong></span> <span class='ocrx_word' id='word_1_205' title='bbox 954 2319 1110 2383; x_wconf 80' lang='lat' dir='ltr'><strong>Celtiberi</strong></span> <span class='ocrx_word' id='word_1_206' title='bbox 1149 2363 1158 2372; x_wconf 91' lang='lat'><em>.</em></span> 
     </span>
     <span class='ocr_line' id='line_1_27' title="bbox 86 2378 1109 2471; baseline 0.034 -44"><span class='ocrx_word' id='word_1_207' title='bbox 86 2385 193 2432; x_wconf 89' lang='lat' dir='ltr'><strong>omnes</strong></span> <span class='ocrx_word' id='word_1_208' title='bbox 206 2391 239 2434; x_wconf 85' lang='lat' dir='ltr'><strong>ru</strong></span> <span class='ocrx_word' id='word_1_209' title='bbox 254 2378 365 2453; x_wconf 81' lang='lat' dir='ltr'><strong>fugam</strong></span> <span class='ocrx_word' id='word_1_210' title='bbox 377 2383 587 2466; x_wconf 83' lang='lat' dir='ltr'><strong>effunduntur,</strong></span> <span class='ocrx_word' id='word_1_211' title='bbox 602 2401 635 2454; x_wconf 93' lang='lat' dir='ltr'><strong>et</strong></span> <span class='ocrx_word' id='word_1_212' title='bbox 646 2395 817 2471; x_wconf 85' lang='lat' dir='ltr'><strong>imperator</strong></span> <span class='ocrx_word' id='word_1_213' title='bbox 826 2401 997 2463; x_wconf 77' lang='lat' dir='ltr'><strong>Romanus</strong></span> <span class='ocrx_word' id='word_1_214' title='bbox 1014 2419 1109 2462; x_wconf 87' lang='lat' dir='ltr'><strong>aver·</strong></span> 
     </span>
     <span class='ocr_line' id='line_1_28' title="bbox 85 2452 1109 2562; baseline 0.033 -52"><span class='ocrx_word' id='word_1_215' title='bbox 85 2452 260 2548; x_wconf 76' lang='lat' dir='ltr'><strong>soshostes</strong></span> <span class='ocrx_word' id='word_1_216' title='bbox 273 2470 508 2558; x_wconf 78' lang='lat' dir='ltr'><strong>contemplatus</strong></span> <span class='ocrx_word' id='word_1_217' title='bbox 520 2476 631 2536; x_wconf 88' lang='lat' dir='ltr'><strong>aedem</strong></span> <span class='ocrx_word' id='word_1_218' title='bbox 641 2478 799 2542; x_wconf 78' lang='lat' dir='ltr'><strong>Fortunae</strong></span> <span class='ocrx_word' id='word_1_219' title='bbox 810 2485 955 2558; x_wconf 87' lang='lat' dir='ltr'><strong>equestri</strong></span> <span class='ocrx_word' id='word_1_220' title='bbox 965 2486 1109 2562; x_wconf 84' lang='lat' dir='ltr'><strong>Iovique</strong></span> 
     </span>
     <span class='ocr_line' id='line_1_29' title="bbox 85 2540 1110 2643; baseline 0.021 -35"><span class='ocrx_word' id='word_1_221' title='bbox 85 2540 199 2608; x_wconf 71' lang='grc'><strong>01111110</strong></span> <span class='ocrx_word' id='word_1_222' title='bbox 214 2555 353 2640; x_wconf 61' lang='lat' dir='ltr'><strong>mextmo</strong></span> <span class='ocrx_word' id='word_1_223' title='bbox 365 2548 460 2611; x_wconf 90' lang='lat' dir='ltr'><strong>ludos</strong></span> <span class='ocrx_word' id='word_1_224' title='bbox 472 2557 568 2616; x_wconf 90' lang='lat' dir='ltr'><strong>vovit.</strong></span> <span class='ocrx_word' id='word_1_225' title='bbox 585 2562 757 2623; x_wconf 86' lang='lat' dir='ltr'><strong>ouedunlur</strong></span> <span class='ocrx_word' id='word_1_226' title='bbox 769 2565 915 2628; x_wconf 80' lang='lat' dir='ltr'><strong>Celtiberi</strong></span> <span class='ocrx_word' id='word_1_227' title='bbox 928 2585 990 2643; x_wconf 90' lang='lat' dir='ltr'><strong>per</strong></span> <span class='ocrx_word' id='word_1_228' title='bbox 1003 2575 1110 2631; x_wconf 86' lang='lat' dir='ltr'><strong>totum</strong></span> 
     </span>
     <span class='ocr_line' id='line_1_30' title="bbox 85 2617 1108 2723; baseline 0.013 -24"><span class='ocrx_word' id='word_1_229' title='bbox 85 2617 193 2680; x_wconf 54' lang='lat' dir='ltr'><strong>sanum</strong></span> <span class='ocrx_word' id='word_1_230' title='bbox 220 2623 370 2719; x_wconf 57' lang='lat' dir='ltr'><strong>d¹S‚⁸¹l&gt;³li</strong></span> <span class='ocrx_word' id='word_1_231' title='bbox 397 2634 480 2708; x_wconf 79' lang='lat' dir='ltr'><strong>lugu.</strong></span> <span class='ocrx_word' id='word_1_232' title='bbox 518 2640 628 2702; x_wconf 87' lang='lat' dir='ltr'><strong>deoem</strong></span> <span class='ocrx_word' id='word_1_233' title='bbox 648 2653 679 2706; x_wconf 96' lang='lat' dir='ltr'><strong>et</strong></span> <span class='ocrx_word' id='word_1_234' title='bbox 699 2657 821 2723; x_wconf 83' lang='lat' dir='ltr'><strong>septem</strong></span> <span class='ocrx_word' id='word_1_235' title='bbox 846 2650 934 2712; x_wconf 86' lang='lat' dir='ltr'><strong>millu</strong></span> <span class='ocrx_word' id='word_1_236' title='bbox 960 2652 1108 2715; x_wconf 89' lang='lat' dir='ltr'><strong>hostium</strong></span> 
     </span>
     <span class='ocr_line' id='line_1_31' title="bbox 84 2705 1107 2810; baseline 0.04 -55"><span class='ocrx_word' id='word_1_237' title='bbox 84 2713 177 2794; x_wconf 76' lang='lat' dir='ltr'><strong>caesa</strong></span> <span class='ocrx_word' id='word_1_238' title='bbox 190 2716 228 2760; x_wconf 91' lang='lat' dir='ltr'><strong>eo</strong></span> <span class='ocrx_word' id='word_1_239' title='bbox 243 2705 296 2764; x_wconf 86' lang='lat' dir='ltr'><strong>dre</strong></span> <span class='ocrx_word' id='word_1_240' title='bbox 312 2712 490 2806; x_wconf 76' lang='lat' dir='ltr'><strong>traduntur,</strong></span> <span class='ocrx_word' id='word_1_241' title='bbox 507 2723 569 2783; x_wconf 90' lang='lat' dir='ltr'><strong>vivi</strong></span> <span class='ocrx_word' id='word_1_242' title='bbox 585 2726 667 2801; x_wconf 86' lang='lat' dir='ltr'><strong>eapti</strong></span> <span class='ocrx_word' id='word_1_243' title='bbox 683 2731 754 2803; x_wconf 92' lang='lat' dir='ltr'><strong>plus</strong></span> <span class='ocrx_word' id='word_1_244' title='bbox 767 2740 916 2807; x_wconf 78' lang='lat' dir='ltr'><strong>quattuor</strong></span> <span class='ocrx_word' id='word_1_245' title='bbox 927 2737 1028 2810; x_wconf 86' lang='lat' dir='ltr'><strong>milia,</strong></span> <span class='ocrx_word' id='word_1_246' title='bbox 1047 2736 1107 2796; x_wconf 93' lang='lat' dir='ltr'><strong>du·</strong></span> 
     </span>
     <span class='ocr_line' id='line_1_32' title="bbox 84 2788 1110 2895; baseline 0.023 -37"><span class='ocrx_word' id='word_1_247' title='bbox 84 2788 180 2840; x_wconf 62' lang='lat'>⁰0¹¹1¹⁸</span> <span class='ocrx_word' id='word_1_248' title='bbox 200 2793 404 2878; x_wconf 76' lang='lat' dir='ltr'><strong>septuugrnta</strong></span> <span class='ocrx_word' id='word_1_249' title='bbox 425 2809 546 2873; x_wconf 81' lang='lat' dir='ltr'><strong>septem</strong></span> <span class='ocrx_word' id='word_1_250' title='bbox 569 2822 639 2868; x_wconf 87' lang='lat' dir='ltr'><strong>oum</strong></span> <span class='ocrx_word' id='word_1_251' title='bbox 661 2811 760 2886; x_wconf 90' lang='lat' dir='ltr'><strong>signis</strong></span> <span class='ocrx_word' id='word_1_252' title='bbox 781 2815 986 2893; x_wconf 73' lang='lat' dir='ltr'><strong>militaribus,</strong></span> <span class='ocrx_word' id='word_1_253' title='bbox 1010 2820 1110 2895; x_wconf 88' lang='lat' dir='ltr'><strong>equis</strong></span> 
     </span>
     <span class='ocr_line' id='line_1_33' title="bbox 83 2868 1161 2966; baseline 0.026 -34"><span class='ocrx_word' id='word_1_254' title='bbox 83 2875 181 2954; x_wconf 55' lang='lat' dir='ltr'><strong>UOD?</strong></span> <span class='ocrx_word' id='word_1_255' title='bbox 197 2868 281 2959; x_wconf 71' lang='lat' dir='ltr'><strong>mllio</strong></span> <span class='ocrx_word' id='word_1_256' title='bbox 296 2880 435 2966; x_wconf 76' lang='lat' dir='ltr'><strong>centum.</strong></span> <span class='ocrx_word' id='word_1_257' title='bbox 464 2885 558 2948; x_wconf 92' lang='lat' dir='ltr'><strong>nullis</strong></span> <span class='ocrx_word' id='word_1_258' title='bbox 574 2894 686 2953; x_wconf 84' lang='lat' dir='ltr'><strong>oastris</strong></span> <span class='ocrx_word' id='word_1_259' title='bbox 701 2910 740 2956; x_wconf 89' lang='lat' dir='ltr'><strong>eo</strong></span> <span class='ocrx_word' id='word_1_260' title='bbox 755 2898 807 2958; x_wconf 93' lang='lat' dir='ltr'><strong>die</strong></span> <span class='ocrx_word' id='word_1_261' title='bbox 822 2901 924 2960; x_wconf 85' lang='lat' dir='ltr'><strong>victor</strong></span> <span class='ocrx_word' id='word_1_262' title='bbox 939 2905 1109 2963; x_wconf 82' lang='lat' dir='ltr'><strong>exereitus</strong></span> <span class='ocrx_word' id='word_1_263' title='bbox 1157 2951 1161 2960; x_wconf 94' lang='lat'>.</span> 
     </span>
     <span class='ocr_line' id='line_1_34' title="bbox 83 2949 1107 3060; baseline 0.05 -65"><span class='ocrx_word' id='word_1_264' title='bbox 83 2949 203 3001; x_wconf 82' lang='lat' dir='ltr'><strong>mansit.</strong></span> <span class='ocrx_word' id='word_1_265' title='bbox 231 2954 366 3012; x_wconf 82' lang='lat' dir='ltr'><strong>vretona</strong></span> <span class='ocrx_word' id='word_1_266' title='bbox 387 2973 452 3019; x_wconf 92' lang='lat' dir='ltr'><strong>non</strong></span> <span class='ocrx_word' id='word_1_267' title='bbox 474 2964 543 3029; x_wconf 85' lang='lat' dir='ltr'><strong>sine</strong></span> <span class='ocrx_word' id='word_1_268' title='bbox 564 2973 684 3036; x_wconf 81' lang='lat' dir='ltr'><strong>iactura</strong></span> <span class='ocrx_word' id='word_1_269' title='bbox 706 2980 834 3041; x_wconf 90' lang='lat' dir='ltr'><strong>militum</strong></span> <span class='ocrx_word' id='word_1_270' title='bbox 850 2983 924 3045; x_wconf 81' lang='lat' dir='ltr'><strong>tuit=</strong></span> <span class='ocrx_word' id='word_1_271' title='bbox 948 2985 1107 3060; x_wconf 84' lang='lat' dir='ltr'><strong>quadrin-</strong></span> 
     </span>
    </p>
   </div>
   <div class='ocr_carea' id='block_1_3' title="bbox 84 3027 1107 3186">
    <p class='ocr_par' dir='ltr' id='par_1_3' title="bbox 84 3027 1107 3186">
     <span class='ocr_line' id='line_1_35' title="bbox 84 3027 1107 3186; baseline 0.056 -107"><span class='ocrx_word' id='word_1_272' title='bbox 84 3027 608 3186; x_wconf 47' lang='lat' dir='ltr'><strong>{gtrtgffiseffirltltegrgetteglugtmilites</strong></span> <span class='ocrx_word' id='word_1_273' title='bbox 628 3059 776 3137; x_wconf 83' lang='lat' dir='ltr'><strong>Romani,</strong></span> <span class='ocrx_word' id='word_1_274' title='bbox 798 3067 923 3128; x_wconf 82' lang='lat' dir='ltr'><strong>sooiunn</strong></span> <span class='ocrx_word' id='word_1_275' title='bbox 945 3085 985 3130; x_wconf 85' lang='lat' dir='ltr'><strong>ao</strong></span> <span class='ocrx_word' id='word_1_276' title='bbox 1000 3067 1107 3134; x_wconf 77' lang='lat' dir='ltr'><strong>Latini</strong></span> 
     </span>
    </p>
   </div>
   <div class='ocr_carea' id='block_1_4' title="bbox 84 3144 1106 3274">
    <p class='ocr_par' dir='ltr' id='par_1_4' title="bbox 84 3144 1106 3274">
     <span class='ocr_line' id='line_1_36' title="bbox 84 3144 1106 3274; baseline 0.032 -93"><span class='ocrx_word' id='word_1_277' title='bbox 84 3181 314 3274; x_wconf 51' lang='lat' dir='ltr'>miliariorum</span> <span class='ocrx_word' id='word_1_278' title='bbox 344 3203 492 3269; x_wconf 52' lang='lat' dir='ltr'>perierun</span> <span class='ocrx_word' id='word_1_279' title='bbox 501 3147 625 3215; x_wconf 89' lang='lat' dir='ltr'><strong>novem,</strong></span> <span class='ocrx_word' id='word_1_280' title='bbox 642 3157 714 3204; x_wconf 90' lang='lat' dir='ltr'><strong>oum</strong></span> <span class='ocrx_word' id='word_1_281' title='bbox 727 3144 777 3207; x_wconf 91' lang='lat' dir='ltr'><strong>his</strong></span> <span class='ocrx_word' id='word_1_282' title='bbox 791 3148 852 3210; x_wconf 81' lang='lat' dir='ltr'><strong>tria</strong></span> <span class='ocrx_word' id='word_1_283' title='bbox 864 3151 954 3212; x_wconf 87' lang='lat' dir='ltr'><strong>milia</strong></span> <span class='ocrx_word' id='word_1_284' title='bbox 967 3153 1106 3213; x_wconf 88' lang='lat' dir='ltr'><strong>militurn</strong></span> 
     </span>
    </p>
   </div>
   <div class='ocr_carea' id='block_1_5' title="bbox 407 3213 1107 3478">
    <p class='ocr_par' dir='ltr' id='par_1_5' title="bbox 407 3213 1107 3478">
     <span class='ocr_line' id='line_1_37' title="bbox 494 3213 1106 3296; baseline 0.042 -28"><span class='ocrx_word' id='word_1_285' title='bbox 494 3216 516 3268; x_wconf 90' lang='lat' dir='ltr'><strong>l.</strong></span> <span class='ocrx_word' id='word_1_286' title='bbox 551 3213 596 3277; x_wconf 83' lang='lat' dir='ltr'><strong>ito</strong></span> <span class='ocrx_word' id='word_1_287' title='bbox 623 3225 727 3288; x_wconf 81' lang='lat' dir='ltr'><strong>vietor</strong></span> <span class='ocrx_word' id='word_1_288' title='bbox 755 3233 915 3295; x_wconf 82' lang='lat' dir='ltr'><strong>exereitus</strong></span> <span class='ocrx_word' id='word_1_289' title='bbox 945 3242 1106 3296; x_wconf 82' lang='lat' dir='ltr'><strong>renovata</strong></span> 
     </span>
     <span class='ocr_line' id='line_1_38' title="bbox 419 3301 1107 3380; baseline 0.045 -35"><span class='ocrx_word' id='word_1_290' title='bbox 419 3301 531 3351; x_wconf 80' lang='lat' dir='ltr'><strong>eonem</strong></span> <span class='ocrx_word' id='word_1_291' title='bbox 550 3307 601 3360; x_wconf 89' lang='lat' dir='ltr'><strong>est</strong></span> <span class='ocrx_word' id='word_1_292' title='bbox 615 3310 798 3379; x_wconf 84' lang='lat' dir='ltr'><strong>perductus.</strong></span> <span class='ocrx_word' id='word_1_293' title='bbox 832 3317 972 3379; x_wconf 87' lang='lat' dir='ltr'><strong>venienti</strong></span> <span class='ocrx_word' id='word_1_294' title='bbox 987 3318 1107 3380; x_wconf 86' lang='lat' dir='ltr'><strong>Fulvio</strong></span> 
     </span>
     <span class='ocr_line' id='line_1_39' title="bbox 407 3377 1105 3478; baseline 0.057 -53"><span class='ocrx_word' id='word_1_295' title='bbox 407 3377 509 3450; x_wconf 79' lang='lat' dir='ltr'><strong>ustor,</strong></span> <span class='ocrx_word' id='word_1_296' title='bbox 532 3382 587 3454; x_wconf 90' lang='lat' dir='ltr'><strong>qui</strong></span> <span class='ocrx_word' id='word_1_297' title='bbox 601 3385 700 3454; x_wconf 87' lang='lat' dir='ltr'><strong>biduo</strong></span> <span class='ocrx_word' id='word_1_298' title='bbox 716 3404 788 3458; x_wconf 87' lang='lat' dir='ltr'><strong>ante</strong></span> <span class='ocrx_word' id='word_1_299' title='bbox 802 3407 952 3478; x_wconf 81' lang='lat' dir='ltr'><strong>venerut,</strong></span> <span class='ocrx_word' id='word_1_300' title='bbox 972 3402 1105 3465; x_wconf 84' lang='lat' dir='ltr'><strong>obviam</strong></span> 
     </span>
    </p>
   </div>
   <div class='ocr_carea' id='block_1_6' title="bbox 0 0 1168 3870">
    <p class='ocr_par' dir='ltr' id='par_1_6' title="bbox 0 0 1168 3870">
     <span class='ocr_line' id='line_1_40' title="bbox 0 0 1168 3870; baseline 0 4"><span class='ocrx_word' id='word_1_301' title='bbox 0 0 1168 3870; x_wconf 95' lang='lat' dir='ltr'><strong> </strong></span> 
     </span>
    </p>
   </div>
  </div>
 </body>
</html>
