2328 3870
210 202 321 264 LIBER
330 204 405 264 XLI.
428 203 587 268 CARM
608 211 646 280 [a.
657 210 689 265 C.
701 211 765 279 178]
916 205 979 272 105

44 357 113 420 rtabi
125 359 199 418 nulla
213 361 296 418 esset
309 357 408 430 statio,
423 373 502 434 quae
517 358 684 422 sustineret
697 359 857 435 Impetum,
873 359 977 422 audie-

45 445 114 513 bouq
132 450 159 501 et
177 443 365 504 concursatio
385 441 417 500 in
432 440 566 504 obscuro
587 441 785 510 incidentium
805 442 935 504 aliarum
948 443 979 504 in

14 525 15 530 ’
44 525 93 587 alios
108 526 243 585 incanum
263 526 376 597 luerat,
397 539 436 584 an
457 525 558 587 hostis
575 526 656 588 intro
669 527 783 592 votum
799 533 892 590 esset.
918 542 980 588 une

39 625 81 669 ror
96 609 259 670 audiebatur
279 609 319 668 ad
339 625 423 670 mare
443 609 633 671 vocantiuma
660 609 695 674 id
712 610 790 674 lurte
810 616 926 674 murore
940 609 979 670 ab

39 707 80 752 nro
94 693 281 754 exclamatum
301 692 371 754 totis
392 690 510 768 passim
529 692 717 768 personabat
731 693 851 754 casula.
876 693 980 768 itaque

38 775 107 850 priua
126 775 200 837 velut
218 776 295 837 iussi
315 775 348 835 id
370 776 474 836 faeere
486 778 578 852 pauci
592 776 717 851 amad,
735 776 832 838 maior
846 792 919 852 pars
934 777 978 836 in·

38 873 107 918 unas
123 860 158 919 ad
176 875 260 919 mare
278 859 460 930 declarante
482 859 553 920 dein
567 862 686 936 plures,
706 867 864 936 pestremo
878 875 980 936 prope

37 957 120 1017 annas,
132 951 161 1006 et
172 943 240 1020 ipse
255 945 374 1018 consul,
388 959 461 1004 eum
473 944 587 1006 liustm
598 959 748 1006 revocare
758 943 910 1019 rugientes
925 959 980 1006 eo·

35 1033 97 1085 ratus
113 1041 168 1087 nee
179 1024 311 1102 imperio
326 1041 384 1088 nee
398 1027 578 1090 numeritute
592 1043 650 1088 nee
665 1027 808 1103 precibus
823 1028 864 1089 ad
878 1035 978 1090 extre·

35 1123 91 1169 num
99 1110 244 1172 rudimen
257 1126 340 1172 unus
350 1112 498 1172 remansit
507 1111 547 1172 M.
557 1109 693 1172 Licinius
706 1110 827 1186 Strabo,
839 1111 978 1180 uibunur

34 1192 127 1253 miiitum
138 1195 242 1254 tertiae
256 1195 404 1270 legionis,
427 1211 497 1257 eum
509 1194 606 1256 tribus
621 1195 720 1270 signis
734 1194 773 1256 ab
785 1193 908 1269 legione
921 1209 980 1256 sua

32 1275 132 1338 relietum
157 1278 239 1340 barne
257 1277 290 1340 in
311 1293 410 1340 vanna
430 1285 534 1340 eastra
552 1279 667 1354 impetu
682 1279 764 1338 lacto
777 1277 887 1352 Histri,
909 1293 979 1338 eum

33 1357 88 1419 ulus
103 1369 227 1424 amatus
243 1363 284 1423 iis
298 1377 389 1422 nemo
403 1361 526 1424 obviam
541 1361 633 1437 isset,
653 1362 683 1422 in
698 1360 854 1437 praetorio
868 1360 980 1422 instru-

33 1449 105 1502 ntem
122 1451 208 1522 utque
228 1446 448 1507 adhortantem
463 1463 540 1508 suos
562 1454 794 1522 oppresserunt.
827 1444 979 1521 proelium

34 1526 133 1589 mulus
153 1546 242 1606 quam
262 1545 323 1605 pro
340 1529 496 1605 paucitate
515 1530 721 1592 resistentium
743 1529 813 1603 luit,
836 1544 893 1590 nee
907 1535 979 1590 ante

34 1606 117 1671 lullum
129 1620 181 1688 eet
196 1629 291 1692 qnam
304 1613 445 1675 tribunus
459 1614 586 1674 militum
600 1615 716 1696 quique
730 1613 813 1676 eben
826 1628 895 1674 eum
906 1627 979 1674 eou-

33 1691 135 1756 niteant
153 1697 303 1759 interlecti
317 1705 398 1758 sunt.
430 1697 584 1774 praetorio
600 1698 737 1772 deiecto,
756 1696 883 1771 direptis
900 1709 980 1771 quae

33 1773 60 1834 lbi
75 1777 193 1854 luerunt,
214 1782 256 1842 ad
279 1782 488 1858 quaestorium
502 1783 603 1843 lorum
618 1781 858 1856 quintanamque
872 1778 982 1840 hostes

33 1871 207 1930 ltuenemnt
237 1863 280 1926 ibi
295 1881 364 1927 eum
379 1866 513 1927 omnium
525 1880 627 1925 rerum
642 1869 779 1939 paratam
794 1861 980 1937 expositam·

35 1957 75 2014 lle
94 1947 203 2024 rapiam
224 1956 256 2010 et
277 1955 390 2011 stratos
414 1952 514 2012 lectos
532 1950 564 2009 in
585 1947 763 2023 quaestorio
782 1944 980 2018 invenissent,

33 2027 126 2098 roudus
139 2034 294 2095 aeeubans
310 2033 428 2110 epadari
444 2033 556 2109 eoepit
575 2046 649 2092 mox
663 2031 745 2094 idem
756 2026 850 2091 aeteri
862 2043 980 2102 omnes,

34 2121 151 2175 armemur
167 2115 364 2192 hostiumque
378 2118 479 2190 obliti,
500 2117 631 2186 laniante
658 2121 687 2176 et
702 2121 735 2176 ut
750 2113 863 2189 quibus
877 2111 980 2174 insue-

34 2194 218 2262 inliberarim
236 2199 338 2262 vietus
353 2209 452 2274 esset,
475 2201 597 2264 avidius
614 2200 689 2260 vino
702 2199 835 2273 ciboque
849 2211 982 2274 corpora

35 2287 137 2341 anema

91 2362 133 2423 lll.
152 2366 355 2445 Nequaquam
376 2368 485 2428 eadem
504 2374 553 2430 est
573 2375 636 2428 tum
650 2367 696 2428 rei
710 2367 808 2428 forma
821 2364 907 2440 apud
920 2363 982 2426 Ro·

33 2454 126 2517 amosa
143 2456 223 2513 terra
239 2452 318 2512 mari
331 2451 518 2527 trepidatur:
538 2450 651 2512 nautici
665 2449 864 2511 tabernacula
877 2447 982 2508 deten-

34 2519 355 2618 intemeratumque
366 2534 397 2594 in
407 2533 690 2610 littoreexpositum
699 2531 731 2594 in
742 2547 839 2594 naves
850 2529 982 2604 rapiunt,

32 2610 111 2674 blitea
128 2616 157 2676 in
170 2619 310 2696 seaphas
323 2626 354 2680 et
366 2634 450 2678 mare
463 2619 557 2680 territi
571 2623 679 2688 ruunt,
699 2621 811 2676 nautam
824 2618 924 2684 metu,
942 2625 983 2672 ne

34 2697 208 2770 unplaauan
225 2703 364 2779 navigia,
386 2703 437 2764 alii
450 2702 559 2764 turbae
574 2699 744 2771 obsistunt,
764 2695 817 2758 alii
830 2695 869 2758 ab
883 2694 983 2755 littere

34 2785 102 2840 naves
111 2782 138 2843 in
149 2787 240 2849 altum
256 2789 422 2863 expellunt
435 2786 507 2846 inde
518 2789 682 2856 certamen,
695 2797 768 2844 mox
779 2779 869 2842 etiam
880 2793 984 2856 pugna

35 2868 82 2954 din
96 2867 268 2933 mineribus
290 2879 320 2933 et
339 2869 437 2931 eaede
456 2870 487 2930 in
504 2869 604 2930 vicem
616 2865 745 2930 utilitum
761 2870 983 2940 nautarumque

35 2949 115 3023 tumr,
133 2953 231 3017 donee
251 2953 340 3016 iussu
360 2954 497 3016 consulis
517 2952 627 3028 preoul
641 2967 660 3011 a
673 2957 755 3012 terra
774 2949 885 3014 elassis
900 2964 982 3010 sum·

35 3033 92 3120 boia
108 3043 159 3097 est.
185 3052 349 3100 secernere
367 3038 440 3098 inde
453 3038 586 3097 inermes
602 3031 779 3098 nummatis
794 3033 904 3110 eoepit.
931 3031 983 3092 vix

36 3108 92 3171 ulle
101 3116 213 3183 damnat
223 3137 264 3183 ex
274 3129 357 3183 tanta
366 3119 568 3196 multitudine,
585 3119 640 3196 qui
649 3136 734 3180 arma
743 3119 900 3192 haberent,
913 3130 983 3194 per·

36 3196 101 3260 laud
113 3206 235 3280 equites,
251 3209 304 3283 qui
318 3221 419 3283 equos
434 3221 540 3266 seuam
549 3205 750 3278 eduxissent,
765 3203 879 3266 inventi
896 3204 982 3262 sunt=

36 3279 111 3341 aura
127 3285 267 3351 delomnis
282 3290 371 3353 umba
383 3290 468 3351 velut
481 3289 612 3350 lixarum
628 3290 846 3364 amorumque,
868 3281 984 3359 praeda

36 3364 194 3450 liminium,
209 3374 235 3435 si
247 3374 434 3436 bellibdstes
445 3372 666 3435 meminissent.
688 3372 894 3433 tunudemum
906 3379 982 3424 nun-

37 3439 77 3500 ils
89 3449 189 3517 urlssus
204 3458 243 3518 ad
259 3459 376 3520 tertiam
390 3455 544 3534 legionem
559 3455 769 3518 revocandam
783 3459 813 3512 et
828 3448 983 3512 Gallorum
