2368 3858
189 186 251 250 aaa
359 185 575 246 urauaxnv.
598 185 681 245 cnr.
696 193 796 247 mae.
812 191 848 259 [a.
863 189 1003 259 usses]
1030 141 1038 156 ’

190 341 303 404 flumen
325 339 365 400 ad
385 338 542 414 regionem
563 335 689 399 orientis
710 339 854 399 colerent
884 340 970 400 tertia
988 355 1054 414 pars
1067 339 1135 415 lacta,
1164 379 1166 430 l

190 441 281 501 quam
296 422 396 484 Axius
411 422 451 483 ob
466 420 591 496 oriente,
605 421 727 481 Peneus
738 421 837 484 amnis
852 420 890 481 ab
902 438 1014 484 occasu
1025 422 1137 498 cingnum
1164 439 1166 498 l

190 510 230 570 ad
245 507 486 584 septentrionem
499 505 581 566 Bora
594 520 685 567 mons
706 504 851 566 obicitum
873 505 992 566 adlecta
1004 505 1069 568 huic
1081 505 1137 582 parti
1164 501 1166 572 Ι

189 591 276 668 regio
299 591 467 664 Paeoniae,
492 604 555 665 qua
577 588 616 648 ab
638 603 753 650 occasu
774 595 896 664 praeter
915 589 1026 650 Axium
1045 605 1138 650 amnem
1165 597 1166 616 ³

189 674 370 751 porrigitur;
398 673 521 734 Edessa
541 687 668 748 quoque
689 679 719 733 et
739 672 859 733 Beroea
881 674 989 734 eodem
1004 688 1140 735 concesse
1165 669 1166 754 j

190 765 269 820 runt
292 764 400 834 quarta
419 757 505 832 regio
526 764 611 817 bans
625 756 738 816 Boram
752 765 902 831 montem,
921 773 983 818 una
996 764 1077 832 parte
1086 771 1139 816 eou-
1165 777 1166 844 ἒ

189 841 260 902 llnis
274 841 415 920 illyrico,
437 841 533 901 altera
546 839 650 915 Epiro.
672 838 773 915 capita
786 841 961 916 regionum,
976 839 1026 902 ubi
1041 839 1141 902 coudlb
1164 845 1166 895 l

189 926 306 999 herent,
323 924 439 1001 primae
452 923 588 999 regionis
603 923 820 999 Amphipolim,
837 925 995 986 secundae
1008 923 1142 984 messae

189 1009 287 1083 nicen,
299 1009 406 1072 tertiae
416 1007 538 1082 Pellam,
552 1014 678 1083 quartae
688 1007 885 1084 Pelagoniam
897 1008 977 1070 lecit.
992 1023 1029 1068 eo
1041 1005 1141 1068 concilia

190 1108 267 1155 suae
283 1091 435 1168 cuiusque
448 1090 583 1167 regionis
599 1091 702 1165 iudici,
720 1092 883 1167 pecuniam
898 1091 1040 1166 conferri,
1052 1090 1088 1150 lbi
1098 1104 1142 1148 ma-

189 1177 336 1252 gistratus
356 1175 453 1236 creari
474 1173 573 1236 iussit
594 1175 804 1250 pronuntiavit
824 1173 937 1236 deinde
958 1190 1058 1251 neque
1073 1189 1143 1234 oonu·

189 1261 272 1322 bium
293 1275 395 1337 neque
416 1259 629 1322 commercium
649 1274 792 1334 agrorum
807 1259 1077 1334 aedificiorumque
1089 1259 1144 1318 inlu

190 1359 224 1404 se
238 1344 361 1418 placere
372 1343 515 1418 cuiquam
526 1349 612 1403 extra
623 1343 703 1405 lines
713 1342 850 1418 regionis
861 1358 937 1404 suae
949 1359 1032 1404 esse.
1052 1339 1145 1404 metalla

190 1443 315 1502 quoque
340 1426 404 1486 auri
429 1434 523 1502 atque
543 1427 659 1502 argenti
680 1443 742 1488 non
764 1425 917 1499 exerceri,
945 1426 1020 1487 lerri
1041 1433 1069 1487 et
1087 1423 1145 1486 aeris

189 1508 329 1585 permitti.
352 1508 482 1584 vectigal
504 1509 719 1572 exercentibus
740 1509 899 1571 dimidium
913 1509 983 1571 eius
998 1508 1146 1586 impositum

190 1594 274 1668 quod
296 1593 518 1669 pependissent
537 1593 613 1669 regi.
641 1600 672 1654 et
692 1595 757 1656 sale
778 1595 900 1655 invecto
914 1592 960 1654 uti
974 1593 1076 1656 vetuit
1092 1592 1145 1652 liar-

189 1677 278 1740 danis
292 1677 503 1753 repetentibus
517 1676 690 1752 Paeoniam,
712 1679 797 1753 quod
812 1685 842 1738 at
857 1694 915 1740 sua
929 1677 1043 1739 luisset
1055 1683 1083 1738 et
1094 1690 1145 1736 con

188 1762 288 1822 linens
303 1769 388 1824 esset
398 1761 512 1824 finibus
523 1761 597 1836 suis,
613 1761 754 1822 omnibus
767 1761 842 1823 dare
853 1761 1027 1822 libertatem
1038 1773 1146 1838 pronun·

188 1844 282 1921 licvit,
298 1845 351 1921 qui
362 1847 421 1907 sub
432 1861 528 1920 regno
540 1844 643 1906 Persei
658 1844 800 1906 luissent.
819 1852 894 1921 post
905 1861 968 1906 non
981 1844 1147 1920 impetrnnn

188 1929 352 1990 Paeoniam
374 1930 448 1990 salis
468 1927 685 1990 commercium
699 1928 797 1990 dedit:
819 1929 927 1990 tertiae
939 1928 1062 2004 regioni
1075 1927 1147 2000 impe

189 2012 274 2084 ravit,
290 2018 324 2073 ut
339 2010 452 2073 Stobos
468 2012 619 2074 Paeoniae
635 2011 830 2088 deveherent,
847 2011 1044 2088 pretiumque
1058 2007 1146 2072 stabit

189 2095 327 2155 navalem
348 2097 504 2157 materiam
526 2104 557 2158 et
575 2095 663 2170 ipsos
685 2095 816 2158 caedere
837 2104 868 2157 et
888 2094 968 2158 alios
991 2097 1055 2173 pati
1068 2090 1147 2154 velut

188 2177 364 2251 regionibus
378 2195 458 2254 quae
469 2179 589 2240 adlines
600 2178 740 2240 barbaris
752 2186 859 2242 essent
868 2211 912 2226 ··-
925 2186 1061 2256 excepta
1071 2185 1148 2238 auten

188 2261 276 2320 tertia
297 2275 404 2324 omnes
427 2271 513 2325 erant
535 2295 573 2310 -
594 2261 748 2338 permisit,
773 2270 806 2324 ut
825 2263 983 2340 praesidia
1005 2269 1113 2324 armata
1128 2257 1149 2318 ir

188 2341 302 2404 finibus
317 2346 462 2410 extremis
477 2345 633 2408 haberent.

271 2428 362 2492 XXX
383 2429 468 2492 Haec
488 2429 683 2504 pronuntiata
704 2429 803 2504 primo
825 2429 876 2490 die
897 2437 1072 2492 conventus
1085 2426 1166 2512 veniel

188 2511 366 2576 adiecerunt
380 2513 507 2576 animos.
529 2512 654 2573 libertas
670 2525 793 2588 praeter
807 2529 897 2589 spem
912 2513 985 2575 data
1001 2512 1150 2586 arrexitet

187 2594 319 2656 levatum
333 2613 468 2658 annumn
482 2596 623 2671 vectigal.
644 2596 825 2672 regionatim
839 2599 1028 2661 commercio
1043 2597 1150 2658 inum·
1164 2655 1166 2674 ,

187 2681 248 2752 ptis
262 2679 303 2740 ila
317 2679 414 2740 videri
428 2682 562 2741 lacerata
575 2687 729 2754 tamquam
743 2679 887 2741 animalia
900 2681 931 2740 in
943 2687 1032 2743 artus
1045 2683 1150 2744 alterum
1164 2681 1166 2758 l

187 2759 311 2824 alterius
337 2762 509 2838 indigentes
534 2763 695 2824 distracta=
723 2763 830 2837 adeo,
847 2770 961 2840 quantu
985 2759 1166 2827 Macedonia:

187 2850 279 2919 esset,
296 2861 387 2920 quam
403 2845 515 2907 divisui
531 2843 638 2922 facilis,
653 2853 684 2906 et
696 2855 730 2910 ut
740 2863 776 2907 se
788 2847 857 2923 ipsa
869 2863 1016 2923 quaeque
1028 2849 1151 2912 conterat

187 2943 260 2999 pars
281 2936 379 3004 esset,
400 2930 587 2991 Macedones
609 2946 733 3007 quoque
753 2931 944 3005 ignorabant.
972 2949 1051 3008 pars
1073 2928 1166 3008 print

186 3009 318 3076 Bisaltas
331 3012 432 3088 habet,
448 3013 632 3076 fortissimos
643 3013 728 3076 viros
742 3049 778 3060 -
792 3022 875 3076 bans
886 3015 1020 3080 Nessum
1034 3014 1152 3076 incolunt

186 3101 217 3152 al
236 3093 318 3158 circa
337 3095 531 3172 Strymonem
549 3127 592 3146 -·
610 3105 642 3162 et
656 3099 766 3160 multas
781 3099 902 3174 frugum
918 3101 1119 3176 proprietates
1131 3097 1152 3154 st

185 3178 306 3238 metalla
321 3185 351 3238 et
366 3180 624 3255 opportunitatem
634 3181 838 3258 Amphipolis,
855 3199 935 3258 quae
951 3182 1152 3244 obieclaclnu·

185 3258 230 3319 dit
244 3276 351 3323 omnes
365 3263 404 3322 ab
420 3263 536 3325 oriente
547 3266 614 3326 sole
625 3266 655 3324 iu
667 3265 880 3326 Macedoniarn
891 3267 1005 3328 aditus.
1029 3261 1152 3328 secunda

185 3357 257 3412 pars
280 3345 493 3408 celeberrimas
514 3347 607 3408 urbes
628 3349 865 3410 Thessalonicen
888 3356 919 3411 et
940 3347 1151 3412 Cassandream

186 3420 291 3496 habet,
317 3427 356 3486 ad
378 3427 437 3490 hoc
457 3428 614 3506 Pallenen,
641 3433 767 3492 fertilem
789 3447 824 3491 ac
846 3431 1024 3508 frugiferam
1039 3440 1152 3494 temam
