2424 3872
167 183 209 248 42
296 151 553 244 Ltuaaxxxlx.
577 183 658 244 cAP.
674 190 831 246 casata
855 184 890 261 [a.
904 182 1046 259 unaco]

170 335 299 398 summis
324 334 446 411 pretiis,
473 336 552 396 ultro
573 334 685 396 tributa
709 333 821 397 infimis
852 334 1036 414 locaverunt.
1069 347 1153 406 quas

166 421 338 484 locationes
354 434 423 480 cunr
434 427 559 479 senatus
575 417 716 493 precibus
728 424 758 477 et
771 417 904 477 lacrimis
915 415 1154 492 publicanorum

167 505 268 565 victus
283 502 387 563 induci
402 510 432 562 et
446 502 486 561 de
499 501 615 576 integro
631 501 727 563 locari
741 501 892 575 iussisset,
909 514 1065 572 censores,
1082 497 1153 558 edi·

167 597 217 648 cto
238 586 398 648 summotis
414 584 452 644 ab
468 585 557 646 hasta
572 585 624 660 qui
643 584 789 646 ludificati
810 585 943 661 priorem
962 582 1154 644 locationem

166 679 269 745 erant,
286 669 388 730 omnia
403 669 512 729 eadem
526 671 651 746 paulum
665 668 829 730 imminutis
844 667 949 744 pretiis
959 668 1152 728 locaverunt.

168 754 279 816 nobilis
295 768 427 814 censura
447 753 503 814 iuit
522 751 779 829 simultatiumque
802 753 907 828 plena,
926 766 1004 826 quae
1017 749 1059 810 M.
1074 748 1153 808 Por-

167 839 263 912 cium,
289 836 337 897 cui
352 835 504 898 acerbitas
525 852 562 898 ea
583 836 816 912 adsignabatur,
838 849 1033 912 peromnem
1054 833 1153 893 vitam

167 927 378 981 exercuerunt.

249 1003 368 1064 Eodem
383 1019 463 1065 anno
482 1005 621 1065 coioniae
636 1004 730 1076 duae,
745 1001 882 1065 Potentia
892 1002 923 1062 in
932 1001 1084 1075 Picenum,
1103 999 1154 1060 Pi-

167 1104 291 1149 saurum
311 1087 343 1146 in
365 1086 512 1148 Gallicum
534 1104 656 1163 agrum,
676 1088 826 1148 deductae
837 1093 918 1147 sunt.
947 1101 1022 1145 sena
1042 1085 1162 1160 iugera*

167 1173 198 1232 in
218 1171 357 1247 singulos
373 1170 453 1231 data.
482 1171 654 1232 diviserunt
673 1187 779 1248 agrurn
793 1169 993 1246 coloniasque
1010 1167 1153 1228 deduxe-

166 1264 238 1318 runt
251 1255 344 1316 iidem
359 1254 519 1331 triumviri,
535 1254 569 1330 0.
584 1254 696 1316 Fabius
712 1255 826 1329 Labeo,
846 1261 877 1314 et
888 1253 929 1314 Μ.
945 1259 975 1313 et
990 1253 1023 1327 Q.
1038 1251 1152 1325 Fulvii,

166 1340 296 1400 Flaccus
312 1345 342 1398 et
355 1338 502 1399 Nobilior.
546 1339 636 1399 XLV.
659 1341 803 1401 consules
821 1338 888 1399 eius
905 1336 975 1397 anni
992 1351 1049 1396 nec
1065 1335 1153 1395 domi

97 1474 102 1482 .
167 1437 225 1482 neo
240 1421 363 1482 militiae
377 1422 575 1484 memorabile
592 1422 757 1498 quicquam
771 1428 907 1498 egerunt.
935 1421 966 1481 in
982 1420 1153 1494 insequen-

167 1512 229 1565 tem
243 1520 356 1565 annum
370 1511 514 1567 crearunt
528 1507 672 1566 consules
692 1505 733 1566 M.
750 1505 905 1588 claudium
921 1503 1101 1565 Marcellum
1116 1503 1153 1577 Q.

167 1587 294 1648 Fabium
307 1587 492 1650 Labeonem.

113 1687 116 1692 ·
251 1670 292 1730 Μ.
310 1669 454 1733 Claudius
472 1672 507 1746 Q.
522 1671 634 1734 Fabius
649 1673 750 1735 idibus
771 1673 903 1746 Martiis,
926 1687 987 1747 quo
1010 1669 1061 1730 die
1076 1685 1151 1730 con·

167 1754 300 1815 sulatum
313 1754 457 1832 inierunt,
478 1757 517 1816 de
532 1757 698 1834 provinciis
719 1757 784 1818 suis
806 1762 1042 1832 praetorumque
1057 1760 1153 1814 rettu-

167 1840 277 1900 lerunt.
308 1847 466 1915 praetores
488 1841 581 1902 creati
596 1849 682 1903 erant
697 1842 727 1903 c.
743 1840 887 1900 Valerius
909 1837 1021 1898 flamen
1042 1837 1152 1908 Dialis,

170 1923 266 1999 quiet
280 1922 383 1999 priore
396 1940 478 1985 anno
495 1926 639 2001 petierat,
661 1932 691 1987 et
711 1924 765 2000 Sp.
780 1923 954 1984 Postumius
968 1920 1102 1982 Albinus
1124 1928 1154 1981 et

167 2006 201 2066 P.
226 2006 384 2068 cornelius
413 2007 545 2069 Sisenna
564 2009 599 2068 L.
618 2009 733 2085 Pupius
758 2009 792 2068 L.
812 2007 907 2068 lulius
929 2006 982 2066 Cn.
1004 2004 1151 2066 Sicinius.

169 2089 348 2150 consulibus
359 2090 487 2164 Ligures
507 2107 575 2151 cum
591 2092 700 2152 iisdem
715 2090 910 2164 exercitibus,
926 2104 1005 2166 quos
1015 2087 1048 2147 P.
1062 2088 1153 2150 clau·

170 2171 239 2231 dius
254 2177 285 2232 et
297 2173 333 2232 L.
350 2172 477 2234 Porcius
493 2173 676 2250 habuerant,
694 2175 855 2252 provincia
870 2174 993 2234 decreta
1005 2179 1063 2233 est.
1099 2171 1154 2233 Hi·

122 2277 125 2282 ·
170 2256 299 2330 spaniae
322 2263 409 2316 extra
430 2263 544 2318 sortem
564 2258 675 2334 prioris
695 2260 766 2320 anni
786 2257 980 2336 praetoribus
1000 2272 1068 2332 cum
1083 2257 1153 2317 suis

68 2349 71 2356 ’
169 2337 353 2399 exercitibus
369 2347 522 2402 servatae.
550 2349 709 2418 praetores
731 2343 773 2404 ita
793 2342 894 2404 sortiri
916 2341 1007 2413 iussi,
1028 2340 1071 2401 uti
1095 2337 1153 2400 ila-

168 2421 241 2481 mini
255 2423 334 2482 Diali
348 2421 451 2498 utique
466 2426 560 2486 altera
574 2426 647 2486 iuris
663 2427 783 2488 dicendi
798 2427 914 2488 Romae
926 2424 1086 2501 provincia
1102 2439 1151 2484 es·

169 2512 232 2566 set:
248 2505 438 2582 peregrinam
454 2516 502 2570 est
522 2510 657 2572 sortitus.
688 2509 839 2571 Sisennae
858 2509 998 2571 cornelio
1019 2508 1151 2581 urbana,

169 2589 223 2666 Sp.
240 2588 395 2652 Postumio
411 2590 523 2667 Sicilia,
537 2593 571 2654 L.
586 2594 682 2670 Pupio
697 2594 819 2670 Apulia,
835 2593 868 2654 L.
882 2592 958 2652 lulio
971 2591 1077 2665 Gallia,
1096 2591 1152 2652 Cn.

169 2673 283 2734 Sicinio
304 2673 448 2737 Sardinia
468 2679 578 2738 evenit.
619 2679 653 2739 L.
677 2678 770 2740 lulius
792 2684 943 2739 maturare
964 2682 1011 2737 est
1031 2675 1140 2736 iussus

168 2756 246 2817 Galli
260 2757 452 2835 Transalpini
468 2778 525 2836 per
545 2763 640 2822 saltus
660 2763 783 2838 ignotae
803 2768 893 2822 antea
914 2759 1001 2834 viae,
1024 2767 1058 2820 ut
1078 2765 1152 2820 ante

168 2839 358 2916 dictumest,
373 2841 535 2904 inltaliam
549 2845 735 2920 transgressi
755 2846 903 2922 oppidum
925 2845 956 2904 in
976 2859 1067 2919 agro,
1093 2843 1149 2919 qui

168 2938 249 2982 nunc
264 2930 312 2983 cst
325 2925 546 3002 Aquileiensis,
563 2929 774 2992 aedificabant.
797 2930 829 2990 id
843 2944 899 2989 eos
915 2936 947 2989 ut
962 2926 1149 3003 prohiberet,

168 3006 253 3085 quod
268 3006 335 3067 eius
351 3007 418 3068 sine
433 3009 513 3072 bello
535 3019 658 3088 posset,
680 3014 812 3090 praetori
833 3012 1007 3072 mandatum
1032 3016 1089 3072 est.
1122 3009 1148 3070 si

167 3090 261 3150 armis
278 3090 461 3165 prohibendi
482 3103 601 3170 essent,
623 3097 767 3158 consules
786 3097 931 3158 certiores
947 3097 1075 3156 iaceret:
1107 3109 1149 3154 ex

169 3173 216 3234 his
232 3176 355 3249 placere
369 3175 498 3239 alterum
512 3180 663 3240 adversus
679 3181 783 3242 Gallos
799 3181 911 3242 ducere
922 3179 1070 3255 legiones.

251 3257 396 3320 Extremo
412 3261 524 3336 prioris
543 3263 615 3324 anni
629 3264 751 3325 comitia
765 3263 889 3340 auguris
905 3262 1029 3325 creandi
1044 3261 1150 3322 habita

169 3345 264 3401 erant.
304 3343 335 3403 in
357 3342 508 3406 demortui
530 3345 583 3406 cn.
605 3347 735 3408 cornelii
754 3348 872 3409 Lentuli
898 3348 999 3408 lucum
1026 3353 1149 3408 creatus
1183 3337 1190 3348 “

167 3433 234 3486 erat
248 3425 302 3504 Sp.
316 3426 488 3490 Postumius
503 3428 643 3492 Albinus.
682 3430 786 3493 XLVI.
801 3432 892 3493 huius
908 3428 1058 3508 principio
1075 3429 1150 3490 anni
