2328 3870
118 188 183 254 iffi
290 186 405 248 liene
418 186 492 248 XLI.
515 183 597 248 etr.
612 194 656 247 el.
667 193 711 246 25.
735 191 771 258 [s.
784 188 819 242 U.
831 207 855 241 e.
867 189 929 254 578]

119 337 231 402 doniee
243 353 351 414 regum
364 336 471 397 merite
485 351 559 410 erge
572 352 631 398 nos
643 336 749 407 luisse,
767 340 801 398 ut
810 331 942 410 Philippi
952 332 1045 397 unius
1056 330 1104 392 in-

117 423 222 494 iurius,
238 418 266 482 si
281 435 361 497 queo
376 421 454 482 lone
467 421 597 495 luerunt,
611 418 644 458 **
659 419 765 494 utique
779 425 851 493 post
864 423 1012 486 mortems
1031 429 1108 480 eum

120 507 231 568 elassis
254 505 393 566 Romanu
411 502 576 564 Cenchreis
602 509 712 575 steret,
735 503 847 564 consul
872 517 938 564 euru
965 499 1106 564 exercitu

118 591 243 652 iiluteue
256 595 348 661 esset,
361 586 495 648 triduum
510 601 569 648 nos
583 586 614 648 in
629 585 759 648 coneilio
772 585 1104 656 summouentem,

118 679 218 734 utrum
239 673 394 732 Romanos
414 685 456 733 eo
473 667 645 748 Philippum
665 684 875 744 sequeremur.
905 667 980 733 nibil
1001 674 1106 730 metus

120 771 269 831 praesens
289 755 330 814 eh
350 753 495 816 Romanis
516 753 682 817 sententies
709 759 832 816 rueres
856 750 1024 814 inclinerita
1047 749 1104 814 luit

120 846 202 900 uerte
215 845 315 898 tumen
328 836 460 913 aliquid,
480 837 568 911 ιιιιιιᾱ
581 844 644 900 tum
656 837 777 912 longum
791 835 1043 900 oeiiieretionem
1058 834 1102 898 ie·

120 928 217 992 cereis
238 922 271 982 id
287 919 373 996 quoi
386 927 453 982 emt
465 928 588 984 venete
601 919 773 985 ooniunolio
789 916 1107 990 ermuliueedouibue

120 1013 225 1066 uetere
238 1011 270 1066 et
283 1020 394 1080 magne
406 1003 437 1068 in
452 1019 511 1066 roe
525 1019 634 1080 regum
646 1003 762 1066 merite
783 1005 907 1066 veleeut
916 1009 947 1064 et
956 1017 1041 1066 nuno
1052 1016 1103 1063 eu-

121 1088 190 1148 dem
205 1089 264 1162 ille,
283 1105 344 1150 nen
355 1093 391 1150 ut
400 1086 567 1164 praeeipue
577 1088 674 1159 emisi,
691 1089 748 1150 sed
759 1104 798 1149 ue
808 1085 976 1162 oreoriotte
987 1083 1108 1148 iuimioi

120 1173 227 1237 simus.
248 1188 290 1232 ne
302 1173 334 1234 id
349 1172 434 1247 quoi
447 1188 508 1235 nou
520 1171 628 1247 egitur,
639 1171 823 1245 culinum,
839 1169 1106 1234 simuluvenmuss

120 1271 157 1317 eo
177 1271 268 1318 nemo
290 1271 391 1318 nouae
410 1255 565 1317 soeietstis
581 1261 634 1318 eut
647 1255 720 1316 novi
733 1255 885 1328 foederis,
906 1269 967 1329 quo
983 1267 1043 1315 uos
1058 1258 1103 1311 te·

118 1354 202 1400 mere
215 1338 376 1413 litigemus,
391 1337 608 1402 eeneerihendi
619 1346 667 1402 est
680 1347 803 1407 sueton
817 1338 875 1400 sod
884 1335 1107 1401 commercius

119 1427 236 1481 mnium
249 1419 324 1481 iuris
339 1421 509 1495 praebendi
521 1422 744 1498 repetendique
758 1423 812 1494 sil.
834 1437 874 1485 ue
887 1419 1106 1486 interdictione

119 1503 223 1564 finium
244 1510 369 1566 nostros
385 1511 556 1579 quoquest
567 1520 626 1566 uos
640 1518 737 1580 regno
752 1521 929 1579 moeones,
947 1518 988 1566 ue
1001 1501 1108 1566 servis

119 1587 234 1648 nostris
256 1586 360 1661 aliquo
381 1587 488 1662 lugere
507 1587 605 1650 lioeet.
636 1589 711 1662 quud
723 1589 784 1650 hoe
798 1589 948 1652 eruemus
961 1588 1114 1650 Romanu-

118 1669 246 1732 loedem
270 1675 337 1730 este
369 1669 444 1748 quid
466 1685 531 1732 rem
558 1687 686 1746 pervum
706 1679 737 1732 et
753 1677 890 1748 apertum
910 1676 1112 1744 magnumst

119 1761 296 1828 suspectum
318 1753 468 1816 iueimust
489 1754 563 1830 quid
582 1769 679 1818 venos
699 1756 844 1818 mmultus
867 1754 1005 1816 eistensi
1028 1751 1107 1828 quio

119 1845 152 1898 ut
166 1837 226 1912 ipsi
243 1839 345 1898 loeum
366 1837 548 1902 adserenti
561 1839 707 1902 Romanis
728 1839 912 1913 teneamus,
933 1843 1106 1912 suspeetos

120 1921 198 1982 alios
222 1921 404 1996 invisosque
429 1922 600 1986 eiecimust
632 1922 659 1984 si
679 1923 791 1984 bellum
811 1921 882 1997 ull,
907 1937 949 1984 ne
965 1921 1107 1982 Perseus

121 2004 244 2078 quidem
262 2003 396 2079 ¹(intuitui,
420 2005 492 2080 quin
506 2007 662 2070 Romanos
683 2004 819 2070 seeuluri
839 2005 948 2070 ιιίιιιιιι.
978 2004 1008 2064 ἰιι
1025 2017 1112 2078 paee

119 2084 332 2146 etiamsinon
355 2087 427 2148 odiu
446 2087 603 2161 liniuntur,
625 2090 886 2153 intermittentur.“
919 2103 989 2150 eum
1009 2087 1110 2148 iidem

119 2167 190 2226 huie
207 2167 351 2240 orationi,
373 2168 426 2243 qui
440 2170 546 2232 litteris
561 2173 645 2248 regis
658 2173 786 2236 susensi
796 2179 899 2246 eremi,
910 2171 1110 2236 resentiren-

119 2258 176 2320 tur‚
192 2251 399 2324 indignatione
412 2254 594 2329 prircipum,
612 2257 697 2330 quod
712 2272 882 2332 quererent
896 2254 1113 2329 relegatione

121 2332 244 2407 quidem
260 2333 384 2408 dignam
397 2335 564 2400 iudioasset
572 2339 716 2412 Perseus,
730 2340 835 2403 litteris
848 2353 1019 2415 penserunt
1033 2353 1110 2399 ver·

120 2431 209 2475 suum
223 2419 406 2492 impetraret,
421 2421 577 2482 demonum
589 2421 739 2484 differtum.
760 2421 855 2498 leguti
868 2423 980 2484 dende
991 2427 1112 2496 postes

119 2499 204 2560 missi
225 2501 263 2560 ab
278 2517 366 2576 rege,
387 2517 456 2565 oum
469 2504 654 2580 Megalopoli
668 2507 831 2569 eonsilium
846 2513 946 2576 essen
957 2505 1116 2578 nataque

119 2598 216 2656 opere
230 2591 279 2646 est
289 2583 327 2644 eb
338 2584 385 2656 iis,
404 2587 457 2662 qui
468 2586 670 2652 offensionem
682 2591 767 2666 apud
777 2587 1117 2663 nommosnmebam,

119 2681 158 2724 ne
173 2668 410 2730 admitterentur.

202 2749 295 2810 XXV.
317 2749 376 2810 Per
394 2751 472 2815 haee
491 2759 629 2827 tempora
642 2755 821 2818 Aetolorum
842 2757 873 2816 iu
894 2763 994 2818 semel
1014 2755 1114 2830 iosos

118 2843 228 2890 versus
250 2833 335 2892 furor
355 2835 467 2894 mutuis
482 2835 627 2896 caedibus
643 2836 684 2898 ed
697 2837 940 2904 internecionem
952 2838 1113 2902 adductu-

118 2925 172 2968 rus
197 2911 356 2974 videbotur
376 2921 506 2989 gentem.
538 2918 614 2980 lessi
635 2919 750 2980 deiude
769 2930 799 2983 et
819 2924 949 2986 Romem
971 2929 1116 2997 utruque

118 3006 192 3064 pars
212 2993 359 3058 miserunt
378 2997 511 3071 legatos,
532 3006 563 3061 et
582 3002 660 3062 inter
680 3019 716 3064 se
736 3005 796 3079 ipsi
818 3006 858 3066 de
873 3006 1116 3071 reeeueiliunde

119 3077 286 3137 ⁰⁰¹¹⁰0rdia
305 3079 453 3152 agennum
475 3097 556 3158 qutee
575 3102 656 3147 novo
671 3088 807 3151 leoinore
822 3088 969 3152 disousss
983 3105 1037 3150 ree
1053 3106 1109 3152 ve

118 3163 199 3252 teres
215 3159 304 3220 etiem
318 3162 380 3226 ires
392 3165 543 3228 excitavit.
566 3168 724 3230 exsulibus
734 3171 915 3249 Hypataeis,
932 3172 985 3248 qui
996 3173 1116 3236 laetio-

118 3253 166 3299 ms
180 3240 311 3304 Proxeni
325 3253 420 3322 erunt,
436 3264 504 3314 eum
518 3251 634 3314 redime
649 3253 679 3312 in
692 3255 819 3328 petriam
831 3257 1007 3330 promissus
1020 3265 1121 3320 esset

118 3321 260 3416 finesque
281 3329 355 3389 dats
372 3345 428 3405 per
441 3333 610 3409 prinoipem
625 3335 753 3398 civitatis
768 3338 990 3415 eupolemum,
1018 3347 1117 3402 oote-

118 3414 201 3477 gmta
215 3409 346 3472 illustres
362 3412 517 3490 homines,
535 3419 645 3494 quibus
659 3421 859 3482 redeuntibus
872 3422 954 3484 inter
968 3431 1121 3486 ueterem
