2328 3870
198 208 260 272 100
381 207 496 270 LIBER
510 207 570 268 XL.
593 208 676 269 dAP.
692 217 736 272 56.
747 216 792 272 st.
814 215 850 282 [ι.
864 213 898 266 U.
908 229 933 266 e.
945 213 1005 280 5⁷3]

197 369 346 438 perosset
364 361 519 422 censebat.
541 360 617 419 LVI.
637 357 768 419 Perseus
781 358 890 420 certior
902 358 998 417 iactus
1012 357 1150 418 omniade-

196 453 278 507 tecta
292 460 380 518 esse,
403 443 555 522 potentior
569 442 693 518 quidem
708 451 787 516 erat,
805 457 895 517 quam
908 449 941 500 ut
955 442 1053 516 lugam
1066 455 1150 500 neces·

197 531 310 590 sariam
323 529 464 588 ducerem
487 535 602 589 tantum
615 535 646 587 ut
657 528 765 602 procul
777 527 902 586 obesset
912 525 1044 607 curabat,
1057 523 1152 583 interim

196 615 281 674 velut
300 613 339 672 ab
360 613 502 672 incendio
519 611 676 687 flagrantis
688 613 769 682 irae,
793 610 865 669 dam
878 607 1037 684 Philippus
1050 609 1151 680 viveret

197 713 233 758 se
255 699 449 756 defensuros.
482 697 508 756 ls
522 711 581 771 spe
602 695 740 770 potiundi
755 694 795 753 ad
809 707 940 770 poenam
958 693 1090 768 corporis
1102 691 1151 750 eins

197 780 312 842 amissa
327 780 412 854 quod
426 779 576 854 reliquom
592 785 671 848 etat,
688 779 718 837 id
733 777 871 851 studere,
887 793 925 836 ne
941 788 1037 852 super
1046 775 1152 852 imponi

196 872 289 925 tatem
303 864 393 923 etiam
410 864 546 938 praemio
562 863 687 922 sceleris
702 862 862 923 lineretur.
889 860 1071 934 Antigonum
1084 859 1152 934 igno

196 949 341 1022 appellat,
359 951 408 1008 cui
423 957 453 1007 et
467 949 567 1021 palam
582 946 653 1007 iacti
664 945 819 1021 parricidii
830 944 927 1020 gratia
938 942 1087 1005 obnoxius
1095 947 1151 1014 weret,

197 1045 299 1106 neque
312 1032 490 1108 pudendam
505 1039 557 1091 aet
568 1029 787 1106 paenitendum
801 1043 872 1088 eum
886 1039 991 1103 regem
1004 1025 1152 1087 lliaoedoni·

197 1115 256 1174 bus
276 1123 404 1191 propter
423 1122 576 1175 recentem
597 1113 696 1190 patrari
709 1112 855 1186 Antigoni
876 1111 1005 1186 gloriam
1025 1113 1086 1170 lore
1101 1121 1151 1168 cen·

197 1199 294 1259 sabat.
316 1199 461 1275 „,quando
476 1199 507 1256 in
524 1213 591 1258 eam
606 1199 756 1258 fortunam
769 1197 872 1267 veni‚“
885 1195 985 1270 inquit
998 1195 1152 1269 „Antigone

195 1290 230 1343 ut
244 1283 359 1344 orbitas
374 1283 460 1356 milri,
482 1297 573 1356 qnam
589 1281 639 1341 alii
653 1277 842 1341 detestantur
856 1286 1017 1354 parentes,
1037 1275 1152 1353 optabilis

197 1381 269 1426 esse
284 1366 403 1439 debeat,
418 1381 560 1440 regnum,
576 1365 659 1439 quod
677 1379 695 1422 a
708 1370 819 1440 patruo
833 1370 887 1423 tuo
901 1363 987 1436 lorti,
1002 1377 1061 1421 non
1077 1359 1153 1422 solun

197 1449 281 1508 fideii
303 1451 396 1508 tutela
411 1456 441 1509 et
455 1449 639 1508 custoditum
655 1456 686 1506 et
699 1455 820 1508 auctum
834 1447 924 1506 etiarn
939 1447 1060 1521 accepi,
1078 1445 1105 1503 id
1115 1437 1152 1502 tihi

196 1532 318 1592 madere
332 1533 363 1590 in
376 1531 479 1591 animo
495 1540 551 1592 est.
574 1539 604 1590 te
615 1546 707 1591 unum
717 1530 827 1603 habeo,
844 1545 935 1606 quem
946 1529 1153 1604 dignnmregno

196 1615 338 1674 indicem.
361 1616 387 1675 si
403 1615 555 1674 neminem
569 1614 723 1687 haberem,
740 1615 840 1688 perire
854 1622 884 1675 et
898 1613 1052 1688 exstingui
1063 1611 1091 1671 id
1100 1607 1152 1668 nal

196 1700 256 1758 lem
277 1714 369 1773 quam
384 1698 498 1760 Perseo
522 1699 673 1758 scelestae
693 1698 810 1757 enodis
833 1697 1003 1772 praemium
1018 1711 1094 1756 esse.
1111 1693 1153 1752 lte

196 1783 336 1843 metrinm
358 1784 522 1844 excitatam
537 1783 576 1842 ab
591 1780 696 1841 inieris
711 1783 944 1856 restitutumque
958 1780 1081 1840 credam
1093 1773 1155 1848 milri,

198 1867 224 1926 si
239 1874 284 1940 te,
306 1867 359 1942 qui
379 1869 467 1927 morti
489 1867 677 1938 innocentis,
699 1863 751 1940 qui
773 1879 841 1925 meo
862 1863 976 1925 infelici
990 1863 1085 1924 errori
1095 1871 1155 1920 onos

197 1951 392 2025 illacrimasti‚
409 1951 439 2012 in
451 1951 629 2012 locumeius
642 1949 836 2010 substitutam
848 1949 1048 2022 relinquente
1061 1944 1103 2005 'ab
1112 1943 1156 2003 hoe

197 2049 339 2095 sermone
356 2036 437 2093 omni
452 2049 565 2109 genere
577 2034 703 2093 honoris
716 2034 889 2109 producere
900 2047 968 2091 eum
983 2046 1045 2092 non
1057 2025 1156 2089 destitit

197 2133 266 2175 cum
287 2119 317 2176 in
336 2116 465 2176 Thracia
484 2117 616 2177 Perseus
639 2117 776 2190 abesset,
798 2115 958 2176 circumire
977 2108 1157 2174 Macedoniae

195 2199 289 2259 urbes
305 2199 557 2275 principibusque
571 2199 758 2274 Antigonum
774 2199 1006 2270 commendare;
1029 2206 1059 2259 et
1072 2196 1097 2256 si
1109 2193 1156 2252 vite

197 2282 317 2356 longior
331 2283 535 2356 suppetisset,
557 2282 640 2343 haud
653 2282 778 2343 dubium
794 2283 863 2357 luit,
886 2281 958 2358 quin
975 2299 1046 2344 eum
1061 2283 1088 2340 in
1102 2291 1154 2354 pos-

197 2365 339 2426 sessione
353 2364 439 2440 regni
455 2365 616 2427 relicturus
627 2367 726 2426 luerit.
761 2367 799 2426 ab
814 2365 1009 2427 Demetriade
1024 2365 1158 2442 protectus

195 2447 433 2510 ThessalonIcae
454 2451 615 2524 plurimum
636 2450 785 2524 temporis
805 2456 942 2510 moratus
965 2451 1073 2510 luerat.
1101 2443 1159 2505 inde

196 2549 265 2592 cum
285 2532 493 2608 Amphipolim
518 2533 668 2607 venisset,
694 2533 781 2608 gravi
803 2533 911 2593 morbo
937 2543 985 2594 est
1005 2529 1159 2608 implicitos.

196 2617 253 2676 sed
269 2618 368 2678 animo
384 2623 484 2676 tamen
500 2633 624 2692 aegrum
635 2615 732 2692 magis
748 2616 845 2678 luisse
858 2630 949 2691 quam
962 2631 1093 2692 corpore
1104 2627 1159 2673 con·

196 2707 270 2770 stat3
293 2699 436 2776 curisque
457 2707 488 2761 et
508 2699 634 2775 vigiliis,
655 2716 725 2760 eum
745 2699 910 2760 identidem
931 2701 1055 2776 species
1069 2706 1160 2758 elom

194 2784 270 2842 brae
289 2785 419 2844 insontis
440 2785 611 2858 interempti
631 2782 685 2844 lilii
700 2783 863 2858 agitarent,
886 2800 957 2844 curn
972 2785 1049 2845 diris
1064 2779 1161 2842 exstin-

196 2872 276 2962 ctam
298 2883 370 2926 esse
391 2867 654 2928 exsecrationibus
669 2867 803 2927 alterius.
831 2875 932 2927 tamen
947 2864 1106 2928 admoneri
1118 2878 1161 2938 po·

194 3195 255 3258 tios
270 3199 515 3273 praedispositos
530 3200 573 3260 ita
587 3209 621 3260 ut
635 3207 820 3261 convenerat
829 3201 912 3262 misit
924 3204 963 3263 ad
975 3201 1128 3270 Perseum,
1141 3212 1155 3254 e

194 3289 321 3341 mortem
342 3285 423 3356 regis
444 3284 474 3342 in
494 3285 657 3343 adventurn
672 3283 739 3344 eins
761 3299 869 3346 omnes
891 3287 943 3360 qui
959 3292 1046 3345 extra
1062 3283 1140 3358 regia

193 3372 279 3425 erant
290 3367 407 3426 celavit.
429 3366 519 3425 LVII.
535 3368 691 3441 oppressit
701 3367 791 3442 igitur
801 3368 1023 3445 necopinantes
1037 3369 1153 3442 ignaros

194 3462 253 3520 que
269 3463 375 3508 omnes
390 3449 529 3525 Perseus,
545 3455 576 3508 et
591 3465 718 3524 regnum
733 3452 850 3512 scelere
865 3459 983 3526 parturn
997 3451 1116 3511 invasit.
