2368 3858
231 218 345 278 meun
359 177 449 278 xuv.
473 217 554 277 cnr.
569 225 668 280 auru
691 224 729 292 n.
743 224 775 278 c.
789 225 850 292 ror]
964 219 1026 283 aaa

57 371 152 448 populi
166 370 296 432 Romani
313 370 499 431 tansvehens
513 371 600 431 redit.
623 389 697 447 pars
713 389 774 434 nou
789 370 911 434 minima
925 375 1021 435 trium-

1 521 2 524 ,
59 455 102 531 phi
124 462 170 515 est
193 453 336 515 victimae
356 455 594 530 praecedentes,
621 463 654 516 ut
675 462 823 531 appareat
843 457 901 516 dlis
923 466 1025 532 gratos

1 593 2 596 ,
58 544 184 614 agentem
204 538 420 612 imperatorem
442 538 560 599 obrem
577 539 729 614 publicam
750 541 829 600 bene
844 548 963 616 gestam
978 557 1025 602 re-

1 635 2 704 t
57 623 122 682 dire.
144 637 252 682 omnes
268 623 336 682 illas
350 621 504 696 victimas,
527 638 605 697 quas
621 624 810 684 traducendo
826 624 855 683 in
871 624 1024 699 triumpho

1 707 3 780 l
55 705 208 779 dedicavit,
223 704 299 765 alias
311 705 370 766 alio
383 705 530 765 caedente
542 706 734 767 mactabitis?
756 708 851 784 quidt
871 707 937 768 illas
950 725 1022 784 epu·

1 811 21 873 l,
53 791 93 848 las
112 795 248 862 senatus,
271 806 350 864 quae
367 804 423 848 nec
444 789 561 864 privato
583 791 652 850 loco
674 806 731 850 neo
745 791 868 866 publico
883 793 1025 867 profano,

0 897 1 900 ¹
54 872 152 933 sedin
177 871 328 948 Capitolio
350 873 483 934 eduntur
501 905 545 918 -
565 880 664 934 utrum
687 874 841 935 hominum
858 877 1024 951 voluptatis

1 990 3 1016 l
53 970 138 1017 causa
161 973 199 1015 an
223 957 349 1017 deorum
370 956 589 1031 hominumque
616 991 657 1002 ›-
691 965 816 1019 auctore
840 957 904 1019 Ser.
929 960 1025 1020 Galba

0 1071 1 1082 ,
53 1040 192 1100 turbaturi
207 1041 304 1100 estist
322 1040 355 1099 L.
370 1038 456 1101 Pauli
472 1040 624 1115 triumpho
636 1047 743 1114 portae
756 1043 955 1103 claudentur
968 1059 1023 1102 rex

0 1163 1 1174 ,
51 1122 245 1185 Macedonum
256 1123 387 1183 Perseus
403 1139 471 1183 cum
486 1123 589 1184 liberis
607 1131 637 1184 et
651 1124 739 1183 turba
755 1125 813 1185 alia
825 1127 1022 1201 captivorum,

51 1207 142 1281 spolia
154 1207 371 1280 Macedonum,
388 1207 461 1266 citra
476 1205 588 1266 flumen
604 1206 835 1282 relinquentur?
862 1210 895 1268 L.
910 1208 1023 1269 Paulus

52 1290 191 1363 privatuS,
213 1297 366 1364 tamquam
382 1307 453 1350 rure
467 1291 605 1364 rediens,
620 1306 639 1349 a
654 1297 743 1366 porta
758 1292 882 1352 domum
898 1291 974 1352 ibit?
995 1301 1023 1352 ct

51 1381 85 1449 tu,
98 1374 245 1446 centurio,
262 1373 358 1447 miles,
376 1373 449 1449 quid
466 1375 505 1433 de
519 1374 702 1450 imperatore
716 1374 811 1436 Paulo
827 1383 953 1436 senatus
969 1378 1019 1436 de

0 1499 3 1514 ,
50 1459 129 1518 crerit
150 1458 254 1534 potius
278 1473 368 1533 quam
391 1458 463 1532 quid
485 1457 551 1518 Ser.
576 1459 672 1518 Galba
694 1458 859 1534 fabuletur,
882 1461 969 1533 audi;
994 1469 1021 1524 ct

49 1539 100 1600 hoc
114 1543 220 1602 dicere
235 1557 284 1600 rue
298 1541 400 1616 potius
423 1559 515 1616 quam
529 1543 611 1602 illum
628 1543 710 1602 audi.
732 1542 782 1602 ille
797 1543 870 1602 nihil
887 1553 1021 1620 praeter-

49 1641 130 1699 quam
146 1625 243 1700 loqui,
259 1632 290 1684 et
304 1625 335 1684 id
349 1624 450 1699 ipsum
462 1627 610 1686 maledice
622 1641 658 1684 ac
668 1627 808 1702 maligno,
826 1627 945 1688 didicit:
961 1644 1020 1703 ego

48 1715 87 1766 ter
100 1716 128 1769 et
142 1709 262 1769 viciens
279 1725 347 1768 cum
369 1709 458 1769 hoste
472 1725 527 1785 per
542 1711 792 1785 provocationem
808 1711 959 1784 pugnavi;
983 1727 1021 1770 ex

0 1825 1 1842 t
49 1791 199 1865 omnibus,
225 1807 293 1852 eum
315 1792 570 1867 qulbusmanum
598 1794 756 1868 conserui,
784 1794 884 1868 spolia
903 1795 1020 1864 rettuli;

0 1909 1 1914 κ
48 1875 159 1952 insigne
185 1891 300 1950 corpus
326 1876 463 1937 honestis
489 1875 696 1951 cicatricibuS,
723 1877 863 1937 omnibus
887 1878 1020 1937 adverso

0 2007 1 2010 ,
49 1974 172 2036 corpore
187 1958 341 2034 exceptis,
363 1960 493 2020 habeo.“
515 1961 651 2020 nudasse
667 1959 778 2020 deiude
793 1975 828 2019 se
844 1958 967 2034 dieitur,
992 1969 1021 2021 ct

49 2059 101 2116 quo
118 2058 262 2119 quaeque
277 2043 356 2103 ballo
370 2043 496 2103 vulnera
506 2050 631 2118 accepta
644 2051 748 2104 essent
761 2043 923 2104 rettulisse.
941 2059 1020 2119 quac

48 2126 109 2185 dum
127 2133 275 2200 ostentat,
292 2127 446 2202 adapertis
462 2127 539 2187 lorte
556 2143 636 2203 quae
651 2127 781 2188 velanda
796 2136 896 2202 erant,
918 2135 1021 2189 tumor

47 2207 196 2284 inguinum
210 2209 360 2284 proximis
375 2210 471 2270 risum
485 2211 588 2270 movit.
609 2219 671 2271 tum
692 2212 779 2284 „hoo
794 2228 918 2287 quoque
935 2213 1019 2288 quod

47 2293 173 2355 ridetis“
197 2294 295 2369 inquit
315 2294 372 2367 „in
387 2309 469 2369 equo
487 2294 553 2354 dies
569 2303 738 2371 noctesque
755 2296 949 2370 persedendo
965 2297 1018 2356 ha-

47 2376 113 2448 beo;
137 2394 195 2437 nec
217 2378 315 2453 magis
332 2393 381 2437 me
405 2377 471 2438 eius
495 2394 585 2454 quam
609 2380 783 2439 cicatricum
803 2379 908 2438 harum
924 2380 1019 2453 pudet

48 2462 245 2537 poenitetque,
262 2462 386 2537 quando
403 2476 569 2536 numquam
583 2461 654 2521 mihi
670 2462 886 2538 impedimento
902 2463 1016 2521 adrem

48 2543 192 2616 publicam
213 2546 292 2605 bene
313 2545 479 2620 gerendam
503 2546 585 2606 domi
599 2546 785 2620 militiaeque
800 2546 863 2605 tuit.
885 2561 942 2618 ego
958 2544 1018 2604 lroc

47 2627 119 2688 terro
138 2633 235 2704 'saepe
254 2635 397 2690 vexatum
418 2644 532 2704 corpus
555 2637 642 2688 vetus
656 2628 744 2688 miles
765 2627 1015 2687 adolescentibus

46 2709 181 2772 militibus
200 2713 337 2773 ostendi=
361 2711 457 2772 Galba
478 2713 576 2774 nilons
593 2719 623 2772 et
637 2711 784 2786 integrum
801 2711 945 2771 denudet.
969 2727 1016 2770 re-

46 2803 162 2866 vocate,
186 2795 213 2855 si
226 2795 362 2871 videtur,
377 2796 503 2868 tribuni,
520 2797 559 2856 ad
575 2793 753 2870 suffragium
768 2794 880 2865 tribus;
903 2811 960 2870 ego
978 2795 1016 2855 ad

47 2893 104 2951 roS,
119 2878 239 2951 milites,
702 2873 707 2885 '

45 3041 97 3103 XL.
117 3062 266 3106 summam
289 3046 389 3116 omnis
410 3046 521 3121 captivi
545 3048 609 3106 auri
630 3048 808 3122 argentique
829 3049 966 3110 translati
983 3049 1015 3086 **

46 3127 155 3190 miliens
177 3131 357 3191 ducentiens
385 3130 481 3191 luisse
506 3130 648 3190 Valerius
670 3132 778 3192 Antias
800 3132 905 3204 tradit,
936 3149 1016 3208 quae

46 3207 118 3273 haud
134 3214 225 3273 dubie
243 3212 339 3274 maior
354 3214 509 3289 aliquanto
535 3229 652 3274 summa
668 3230 706 3273 ex
721 3231 848 3276 numero
862 3218 1015 3290 plaustro-

46 3309 105 3355 rum
127 3298 379 3373 ponderibusque
401 3298 466 3357 auri
486 3298 601 3372 argenti
617 3300 783 3373 generatim
798 3299 837 3357 ab
852 3299 921 3372 ipso
938 3297 1013 3357 scri-

47 3378 98 3450 ptis
123 3381 262 3442 allicitur.
289 3383 414 3442 alterum
440 3387 556 3440 tantum
582 3381 683 3442 autin
707 3383 819 3441 bellum
841 3381 1013 3454 proximum

47 3461 230 3541 absumptum
247 3473 297 3526 aut
312 3466 340 3524 in
358 3467 439 3540 luga,
455 3481 523 3524 oum
539 3464 756 3525 Samothracen
771 3468 897 3537 peteret,
922 3463 1014 3523 dissi—
