2364 3862
158 165 223 230 2⁰0
320 169 436 231 LIBER
445 169 548 230 XLIII.
570 171 654 231 CAP.
672 179 713 233 ts.
725 180 769 233 ll.
791 177 829 245 [r.
841 175 876 229 U.
888 173 991 240 aest]

160 335 221 395 quo
239 326 330 395 pacto
346 320 490 395 anuquus
503 320 537 381 rit
550 320 686 395 animus,
708 330 739 382 ct
759 321 910 398 quaedam
924 317 1034 394 religio
1050 323 1143 389 tenet,

160 417 240 478 quae
259 403 301 464 illi
322 403 553 479 prudentissimi
573 404 631 464 viri
650 406 773 481 publico
794 404 996 480 suscipienda
1010 415 1140 462 censue-

156 487 224 558 rint,
240 501 278 547 ea
293 503 349 561 pro
364 485 464 562 diruis
478 487 601 562 lrabcra
616 503 697 563 quae
710 489 742 548 ln
756 499 843 550 meos
858 489 985 550 annales
997 485 1139 547 referam

158 570 297 645 Anagnia
316 571 378 631 duo
399 565 542 647 prodigia
561 586 601 631 co
621 588 702 632 anno
721 580 793 634 stunt
813 572 963 644 annuato,
988 570 1092 630 lacem
1112 567 1143 624 in

33 713 36 722 ,
157 655 243 714 caelo
265 659 479 729 conspectam,
504 661 535 714 et
553 654 664 716 bovem
686 656 830 717 luminam
854 656 988 716 Ιοοωωῐι
1015 650 1146 726 poblite·

156 736 205 797 ali.
226 737 389 798 Mintrunts
405 752 530 812 quoque
544 754 602 812 per
615 755 672 798 eos
686 739 755 799 dies
770 739 846 798 oacli
861 737 998 800 ardentis
1013 734 1139 810 specics

156 821 332 881 adfulserat.
360 819 457 882 nem
471 821 564 882 imbri
583 823 740 898 lapidavit.
773 823 873 882 Gamla
889 822 918 882 ln
934 835 1009 880 arec
1024 817 1142 892 Apollo

155 904 285 963 triduum
307 917 346 966 eo
364 910 427 963 tres
449 913 557 965 nomes
578 905 754 966 lacrimavIt
776 907 807 966 in
827 906 904 966 urbc
916 906 1065 965 Romana
1080 901 1139 959 duo

154 984 268 1046 aeditui
278 984 463 1060 nuntiarunt,
477 989 553 1047 alter
564 989 595 1049 in
606 990 683 1049 aede
693 988 847 1050 Fortunae
856 1003 989 1062 mgucm
1002 985 1139 1048 iubatum

154 1084 173 1128 a
198 1068 410 1144 compluribus
432 1070 533 1132 visum
559 1087 646 1143 esse,
677 1073 753 1132 alter
777 1071 807 1133 in
832 1072 910 1132 aedc
933 1067 1138 1142 Primigenia

152 1150 314 1226 Fortunae,
330 1154 452 1228 quaein
463 1155 543 1215 colle
554 1163 610 1228 est
626 1156 689 1216 duo
701 1156 824 1218 diverm
834 1153 987 1230 prodigia,
1003 1153 1138 1227 palmam

153 1235 182 1293 in
199 1251 272 1295 arca
292 1243 429 1308 enatam,
450 1243 480 1298 et
500 1239 651 1312 sanguine
672 1239 801 1300 interdIu
821 1239 972 1334 pluvisse.
996 1237 1065 1296 duo
1081 1249 1136 1293 nou

153 1325 299 1391 suscepta
313 1319 456 1394 prodigit
470 1329 551 1394 sunt,
570 1324 706 1398 alterum,
728 1323 811 1398 quod
825 1338 855 1382 rn
869 1323 991 1396 privato
1006 1321 1084 1380 loco
1100 1317 1139 1374 la·

153 1407 232 1458 ctum
254 1409 350 1474 esset,
363 1433 406 1446 -·-
427 1404 558 1476 palmam
580 1413 701 1466 enatam
721 1406 752 1465 in
771 1405 915 1481 inpluvio
930 1420 993 1464 suo
1008 1404 1045 1462 T.
1062 1401 1137 1458 Illar-

152 1481 218 1539 cIus
224 1480 352 1554 Figulus
363 1485 521 1545 nuntiabat
529 1519 582 1560 -,
594 1489 731 1563 alterum,
744 1490 826 1563 quod
836 1489 944 1550 inloco
952 1485 1138 1562 peregriaos

149 1562 297 1636 Fregellis
316 1564 347 1624 in
362 1567 455 1628 domo
470 1568 504 1627 L.
515 1569 600 1629 Atrei
615 1571 713 1646 besta,
730 1589 818 1648 quarn
833 1571 895 1636 lilio
911 1570 1000 1630 militi
1013 1573 1138 1638 emerat,

150 1643 281 1740 interdiu
303 1650 374 1721 plus
396 1650 474 1710 duas
494 1651 589 1713 horas
603 1656 734 1730 arsisse,
754 1657 796 1718 ita
809 1662 843 1716 ut
856 1635 930 1716 nifiit
944 1653 1017 1714 eius
1034 1652 1137 1744 amhn:

148 1733 230 1786 reret
243 1728 335 1802 runis,
351 1732 518 1794 diccbmur.
534 1737 726 1810 publicorum
737 1739 947 1814 prodigiorum
959 1752 1063 1798 causa
1074 1735 1139 1793 libn

147 1824 166 1868 a
182 1809 367 1876 deccvaris
383 1817 471 1876 aditu
499 1821 703 1895 quadraginta
715 1822 877 1884 rumoribus
892 1819 1008 1882 hostiis
1026 1819 1138 1895 quibus

146 1891 207 1950 diis
234 1898 384 1960 consules
410 1902 621 1963 sacrificarent
644 1905 817 1980 ediderunt,
841 1914 872 1966 et
890 1911 924 1966 ut
945 1901 1139 1978 supplicatio
1181 1964 1182 1969 χ

146 1972 242 2070 lieret,
260 1981 428 2056 cuneoque
442 1987 638 2058 magistratus
654 1988 735 2049 circa
749 1990 850 2051 omnia
862 1986 1043 2063 pulvinaria
1054 1982 1137 2044 victi

146 2069 204 2115 rms
219 2060 392 2152 maioribus
407 2065 625 2144 sacrificarent,
647 2074 843 2149 populusque
857 2078 1030 2134 coronatus
1045 2073 1139 2130 essct
1181 2070 1182 2075 ’

147 2151 259 2210 omma,
275 2142 321 2202 uti
337 2145 504 2208 decemuiri
518 2154 700 2230 praeimunt,
716 2157 805 2216 lacu.

198 2299 205 2312 .
228 2219 312 2280 XIV.
329 2225 519 2294 censoribus
531 2235 642 2297 dcinde
654 2240 793 2300 creandis
804 2238 926 2300 comitia
938 2237 1139 2298 edictasunt.

144 2305 299 2392 peperunt
321 2321 487 2372 censuram
503 2319 660 2394 principes
680 2321 825 2393 civitatis,
848 2322 878 2382 0.
893 2320 1044 2382 Valerius
1061 2317 1137 2376 Lae

141 2393 233 2440 vinus
248 2381 281 2445 P.
297 2387 475 2457 Postundus
489 2401 620 2462 Albinus
633 2403 666 2463 P.
677 2403 796 2464 Mucius
808 2404 962 2466 Scaevola
972 2402 1016 2462 Μ.
1029 2400 1139 2460 lunius

141 2459 255 2524 Brutus
284 2469 488 2541 astaudus
512 2483 644 2546 Pulcher
663 2487 706 2546 Ti.
732 2486 933 2562 Sempronius
962 2483 1138 2548 Gracchus.

141 2541 200 2604 hos
222 2546 305 2611 duos
322 2569 473 2623 censores
490 2568 606 2628 mount
622 2571 755 2644 pupulus
775 2571 944 2633 Romanus.
971 2584 1043 2630 cum
1061 2565 1136 2626 dile

141 2631 209 2686 ctus
234 2629 374 2698 habendi
399 2645 497 2706 maior
528 2667 621 2723 quam
645 2653 721 2712 alias
744 2660 870 2728 propter
893 2651 1138 2714 Macedonicum

139 2704 252 2770 bellum
268 2729 347 2778 cura
361 2733 461 2800 osset,
484 2737 629 2795 consules
650 2736 769 2809 plebem
784 2737 866 2810 apud
882 2742 1028 2796 senatum
1041 2747 1136 2792 occu·

139 2788 259 2862 sabam,
293 2805 382 2900 quod
407 2815 437 2866 ct
461 2811 598 2876 iuniores
624 2834 685 2878 non
709 2819 944 2893 responderent.
978 2819 1137 2878 adversus

139 2881 217 2937 quos
234 2871 267 2929 Ο.
280 2876 443 2956 Sulpicius
458 2898 489 2951 et
499 2895 539 2954 Μ.
554 2899 697 2964 claudius
710 2909 867 2976 praetores
883 2901 987 2977 plebis
1004 2913 1137 2960 causam

134 2960 276 3082 leserunt.
295 2973 371 3061 'non'
392 2978 590 3053 consulibus,
614 2986 670 3044 sed
691 2983 857 3046 ambitiosis
879 2983 1066 3046 consulibus
1090 2979 1135 3040 di·

133 3035 246 3162 flectunt
270 3039 435 3138 drlllcrlcm
457 3071 545 3118 esset
575 3067 727 3128 neminem
744 3066 869 3129 invitum
889 3068 1017 3127 militem
1038 3064 1083 3126 ab
1096 3063 1138 3122 iifl

154 3121 208 3248 1⁶13ss
231 3117 266 3175 rd
281 3131 317 3182 ut
332 3134 467 3224 tta-esse
481 3142 597 3234 scirent
610 3156 641 3209 et
651 3157 754 3226 patres
766 3149 940 3224 conscripti,
956 3155 1136 3225 praetores,

133 3202 152 3258 q
175 3205 185 3246 ι
207 3209 246 3254 us
264 3207 298 3260 et
311 3222 362 3266 vrs
376 3220 501 3289 tmperd
516 3224 615 3288 mittor
630 3241 661 3292 et
674 3232 837 3293 auctoritas
852 3239 952 3304 esset,
975 3233 1135 3301 dilectum,

127 3270 562 3434 gaggessaafflifffoews’.
570 3315 761 3382 perfecturos
776 3329 856 3374 esso.
885 3314 916 3375 id
932 3313 1135 3388 praetoribus

458 3397 520 3443 non
536 3404 603 3452 srne
619 3399 808 3472 sugillatione
823 3397 987 3458 consulum
1002 3394 1135 3456 munda·
