2424 3872
139 195 182 258 48
253 193 369 255 LIBER
382 191 512 252 xxxix.
534 189 617 250 CAP.
632 195 675 250 ot.
689 197 733 250 52.
746 195 789 249 53.
813 194 849 260 [a.
863 193 900 245 U.
913 209 939 247 c.
950 193 1017 261 569]

140 363 261 408 veneno
278 353 399 406 caveret
412 342 644 420 praedixerunt:
661 340 693 399 bi
705 339 838 414 legatum
850 340 1062 413 consularem,
1078 343 1137 415 qui
1210 357 1211 366 ¹

142 436 249 492 auctor
266 435 349 490 esset
362 427 488 488 Prusiae
503 441 558 501 per
572 426 673 485 scelus
690 422 853 483 occidendi
869 423 1020 499 hospitis,
1037 425 1136 485 mise-

141 520 242 574 runt.“
278 518 456 573 exsecratus
479 507 589 569 deinde
611 510 640 567 in
663 513 756 583 caput
775 520 970 583 regnumque
989 507 1135 584 Prusiae,

143 605 174 658 et
191 596 361 673 hospitales
382 595 460 654 deos
480 593 612 653 violatae
631 589 669 651 ab
691 605 728 650 eo
750 589 824 650 lidei
845 595 941 652 testes
965 591 1136 669 invocans,
1194 609 1197 615 ·

143 682 288 757 poculum
303 678 453 739 exhausit.
485 676 534 735 hic
548 676 628 736 vitae
643 672 742 735 exitus
759 674 814 734 luit
826 674 1022 735 Hannibalis.

227 763 288 822 LII.
311 760 486 836 Scipionem
498 765 527 818 et
536 757 681 836 Polybius
694 765 724 818 et
734 758 865 818 Rutilius
877 759 939 818 hoc
951 775 1035 819 anno
1048 777 1137 822 mor-

142 857 227 910 tuum
242 845 385 907 scribunt.
415 858 472 918 ego
495 859 594 918 neque
614 842 663 900 his
684 857 786 918 neque
806 841 934 903 Valerio
957 843 1136 920 adsentior,

143 931 206 1002 his,
223 929 307 1005 quod
321 927 501 988 censoribus
520 925 559 986 M.
575 923 683 986 Porcio
698 925 730 983 L.
746 923 872 986 Valerio
888 926 1066 1002 principem
1082 944 1138 990 se·

143 1020 233 1073 natus
249 1013 281 1073 L.
296 1011 451 1071 Valerium
466 1011 566 1086 ipsum
587 1023 746 1070 censorem
767 1009 878 1068 lectum
900 1011 1044 1085 invenio,
1063 1027 1139 1072 cum

144 1095 353 1172 superioribus
368 1094 465 1154 tribus
480 1095 581 1154 lustris
596 1092 758 1152 Africanus
770 1091 888 1167 luisset,
905 1109 968 1168 quo
984 1093 1072 1168 vivo,
1089 1098 1140 1155 ni·

145 1180 172 1240 si
187 1186 220 1240 ut
233 1179 284 1239 ille
298 1184 407 1239 senatu
427 1185 612 1251 moveretur,
628 1191 719 1252 quam
734 1182 836 1235 notam
853 1191 944 1237 nemo
961 1179 1140 1238 memmiae

145 1263 294 1339 prodidit,
312 1261 388 1322 alius
405 1261 550 1336 princeps
570 1262 600 1321 in
621 1261 721 1320 locum
742 1259 807 1318 eius
834 1259 934 1320 lectus
949 1276 1014 1320 non
1034 1271 1139 1322 esset.
1210 1307 1211 1310 η

144 1345 297 1405 Antiatem
312 1351 465 1405 auctorem
477 1345 585 1403 refellit
596 1342 733 1404 tribunus
746 1341 844 1417 plebis
855 1343 896 1401 M.
908 1343 1059 1416 NaeviuS,
1078 1347 1140 1405 ad-

147 1443 256 1489 versus
273 1443 362 1502 quem
378 1427 473 1487 oratio
488 1427 634 1501 inscripta
647 1425 678 1484 P.
691 1425 827 1485 Alricani
843 1433 899 1486 est.
929 1426 981 1487 hic
992 1427 1140 1490 Naevius
1210 1493 1211 1496 ,

146 1513 177 1569 in
199 1511 428 1585 magistratuum
448 1509 533 1569 libris
555 1517 601 1570 est
622 1507 759 1570 tribunus
781 1509 880 1584 plebis
895 1509 927 1568 P.
951 1509 1083 1572 Claudio
1102 1514 1141 1573 L.

146 1594 254 1654 Porcio
276 1592 469 1666 consulibus,
491 1593 547 1652 sed
568 1593 633 1654 iniit
653 1591 836 1653 tribunatum
857 1594 917 1668 Ap.
941 1593 1075 1661 Claudio
1092 1595 1140 1658 M.
1210 1651 1211 1654 ,

148 1676 330 1751 Sempronio
346 1676 524 1738 consulibus
545 1684 615 1737 ante
643 1676 723 1736 diem
744 1683 884 1751 quartum
906 1677 978 1737 idus
1000 1678 1141 1739 Deccm-

147 1759 230 1820 bres.
259 1761 330 1820 inde
351 1767 412 1820 tres
433 1775 555 1828 menses
575 1760 615 1820 ad
634 1760 703 1820 idus
723 1758 848 1820 Martias
864 1766 950 1834 suut,
967 1762 1085 1836 qulbus
1103 1763 1140 1824 P.

147 1842 291 1905 Claudius
303 1843 335 1903 L.
347 1843 473 1904 Porcius
489 1845 679 1905 consulatum
693 1842 832 1903 inierunt.
861 1843 949 1905 itaet
966 1845 1090 1906 vixisse
1108 1849 1143 1909 in

148 1925 300 1988 tribunatu
314 1925 421 1986 Naevii
437 1927 567 2001 videtur,
584 1928 713 2002 diesque
732 1926 760 1985 ei
782 1926 842 1986 dici
863 1926 902 1987 ab
922 1943 961 1988 eo
979 1931 1142 2008 potuisse,
1209 1995 1210 2004 ,

148 2010 325 2071 decessisse
339 2019 439 2071 autem
454 2018 523 2070 ante
537 2012 570 2070 L.
585 2010 699 2070 Valerii
715 2017 743 2070 et
757 2009 797 2069 Μ.
812 2010 911 2070 Porcii
926 2025 1109 2078 censuram.
1209 2083 1211 2096 y

231 2094 333 2153 Trium
354 2093 591 2153 clarissimorum
611 2109 688 2154 suae
707 2095 856 2169 cuiusque
876 2095 976 2168 gentis
994 2097 1142 2161 virorum
1209 2097 1211 2176 ζ

148 2189 210 2232 non
224 2182 362 2252 tempore
375 2176 472 2250 magis
492 2184 678 2252 congruente
699 2175 914 2253 comparabilis
935 2195 1021 2240 mors
1043 2182 1142 2245 vide·
1210 2187 1211 2256 j

149 2264 197 2316 tur
210 2272 297 2334 esse,
313 2275 404 2334 quam
420 2259 503 2334 quod
519 2276 608 2321 nemo
621 2277 725 2321 corum
736 2261 811 2322 satis
823 2259 948 2338 dignum
960 2266 1144 2339 splendore
1209 2269 1211 2346 ζ

148 2340 230 2401 vitae
253 2343 366 2403 exitum
386 2343 498 2404 habuit.
538 2344 598 2404 iam
620 2345 747 2421 primum
770 2359 877 2406 omnes
899 2347 1011 2407 nonin
1031 2351 1143 2424 patrio
1209 2349 1211 2366 ¹

150 2425 217 2484 solo
233 2427 342 2488 mortui
357 2443 413 2486 nec
428 2428 540 2503 sepulti
555 2436 633 2488 sunt.
662 2445 781 2489 veneno
802 2427 957 2506 absumpti
976 2431 1144 2497 Hannibal

150 2515 179 2567 ct
191 2507 426 2588 Philopoemen;
441 2514 529 2572 exsul
541 2512 706 2588 Hannibal,
722 2513 861 2589 proditus
876 2513 915 2573 ab
930 2515 1068 2591 hospite,
1087 2534 1144 2580 ca-

150 2600 220 2667 ptus
234 2594 451 2672 Philopoemen
469 2596 498 2655 in
525 2610 649 2657 carcere
674 2604 704 2657 et
727 2597 758 2656 in
784 2597 914 2659 vinculis
941 2600 1141 2676 exspiravit=

151 2675 255 2753 Scipio
277 2682 334 2741 etsi
355 2696 415 2740 non
434 2678 522 2742 exsul
543 2696 643 2758 neque
664 2679 839 2754 damnatus,
857 2682 1024 2744 dictamen
1041 2685 1143 2761 dicta,

151 2759 191 2819 ad
206 2779 296 2836 quam
312 2781 373 2825 non
388 2765 527 2825 adfuerat
540 2781 627 2838 reus,
649 2765 761 2832 absens
784 2765 909 2840 citatus,
926 2769 1142 2830 voluntarium
1209 2785 1210 2790 ¹

150 2858 213 2986 nodn
228 2847 350 2908 sibimet
368 2848 435 2923 ipse
460 2851 558 2910 solum
584 2851 640 2910 sed
666 2849 755 2909 etiam
780 2849 877 2910 luneri
905 2865 962 2911 suo
989 2852 1143 2916 exsilium

151 2943 180 2984 m
205 2929 268 2990 ixit.

234 3014 309 3075 Llll.
329 3017 407 3076 Dum
422 3018 502 3079 eain
517 3017 746 3093 Peloponneso,
761 3033 780 3077 a
795 3018 906 3092 quibus
919 3019 1053 3081 devertit
1068 3038 1141 3083 ora-

151 3093 207 3169 tio,
223 3108 381 3175 geruntur,
395 3103 510 3165 reditus
526 3102 556 3163 in
570 3101 781 3163 Macedoniam
792 3100 936 3162 Demetrii
947 3101 1141 3179 legatorum·

151 3194 212 3252 que
227 3183 313 3245 aliter
328 3185 454 3248 aliorum
470 3188 624 3250 adiecerat
638 3188 766 3248 animos.
793 3187 903 3261 vulgus
915 3185 1140 3266 Macedonum,

151 3278 231 3335 quos
246 3268 317 3329 belli
334 3268 372 3328 ab
383 3270 528 3336 Romanis
543 3270 726 3333 imminentis
740 3278 838 3332 metus
851 3277 1008 3345 terruerat,
1023 3273 1142 3335 Deme·

149 3345 240 3442 trium
254 3361 287 3417 ut
300 3353 387 3432 pacis
403 3367 557 3423 auctorem
570 3374 637 3419 cum
648 3356 761 3433 ingenti
773 3357 879 3416 lavore
890 3353 1141 3432 conspiciebant,

148 3439 241 3496 *simul
259 3448 288 3502 et
303 3455 360 3516 spe
379 3439 461 3505 haud
483 3444 576 3507 dubia
596 3458 723 3519 regnum
743 3440 772 3502 ei
796 3446 867 3516 post
886 3445 1014 3500 mortem
1040 3443 1141 3518 patris
