2364 3862
117 253 121 257 -
225 221 454 281 rursusxuuu
478 177 640 284 canna]
664 227 821 296 [acme]
952 220 1013 284 195

62 384 112 438 tum
124 375 176 437 sibi
195 375 371 450 imperatum
392 390 411 435 a
425 374 457 434 P.
471 372 587 434 Licinio
602 376 729 436 consule
744 382 828 435 esset
843 372 1013 450 sagittario-

60 477 120 532 rum,
134 461 160 518 in
172 458 380 519 Macedoniarn
393 457 533 534 misisse,
555 473 624 519 cum
639 458 814 533 interrogati
829 475 891 518 non
906 458 1012 523 infitin·
1037 471 1041 480 ’

60 549 145 604 renhrr
153 542 233 618 apud
240 541 353 603 Persea
363 542 509 603 maiorem
518 557 677 604 numerurm
685 541 910 618 sagittariorum
923 557 1013 616 quam

60 628 126 702 apud
137 627 288 688 Romanos
299 627 437 701 militare,
451 640 637 702 responsum
650 633 705 698 est,
722 624 748 687 si
761 625 922 686 Cretenses
933 626 1014 686 bene

59 726 87 784 aa
106 709 215 771 nautor
242 709 430 771 destinarent
459 709 610 786 potiorem
634 709 740 785 populi
765 710 894 771 Romani
921 724 1013 784 quarn

60 793 122 868 rogis
131 793 230 854 Persei
244 792 407 855 amicitiam
416 792 540 867 habere,
553 800 693 854 senatum
705 808 831 868 quoque
841 793 1013 854 Romanum

58 878 85 936 iis
102 885 245 953 tamquam
266 877 358 938 certis
380 875 475 938 sociis
495 891 681 952 responsum
701 876 842 939 daturum
863 891 945 938 esse.
968 877 1012 936 in-

57 967 122 1020 terea
133 961 303 1021 nuntiarent
318 959 383 1021 suis
395 961 519 1035 placere
533 961 654 1022 senatui
667 959 741 1020 dare
751 975 877 1035 operam
891 961 1012 1022 creten-

57 1059 103 1118 ses,
115 1050 153 1118 ut,
169 1060 247 1120 quos
262 1043 372 1105 milites
385 1042 466 1104 intra
480 1041 635 1119 praesidia
645 1043 728 1119 regis
740 1043 843 1104 Persei
855 1044 1009 1120 haberent,
1061 1067 1069 1082 ·

56 1142 97 1188 cos
110 1128 201 1202 primo
216 1143 343 1203 quoque
357 1135 496 1202 tempore
510 1127 634 1188 domum
649 1133 839 1188 revocarent.

122 1212 313 1273 Cretensibus
329 1215 397 1272 cuim
408 1209 467 1272 hoc
477 1225 632 1288 responso
645 1209 781 1270 dimissis
794 1207 1012 1270 Chalcidenses

55 1294 144 1367 uocati,
160 1311 290 1371 quorum
305 1293 415 1370 legatio
430 1294 501 1370 ipso
515 1293 647 1366 introitu,
664 1294 705 1354 ob
720 1293 750 1353 id
767 1294 851 1370 quod
865 1293 1012 1372 Micythio

54 1379 175 1454 princeps
190 1391 297 1440 eorum
313 1378 443 1454 pedibus
459 1385 568 1453 captus
583 1376 691 1438 lectica
707 1384 754 1437 est
767 1377 942 1449 introlatus,
965 1379 1010 1438 ul-

54 1460 126 1522 timae
143 1463 334 1524 necessitatis
356 1461 509 1537 extemplo
530 1462 683 1533 viseres,
706 1459 736 1521 in
759 1477 820 1536 qua
834 1460 878 1522 ita
890 1461 1011 1522 adiecto

54 1547 189 1608 excusatio
215 1545 401 1608 valetudinis
428 1552 480 1606 aut
504 1558 543 1605 ne
563 1547 623 1620 ipsi
646 1543 769 1620 quidem
791 1545 925 1619 petenda
945 1545 1011 1606 uisa

53 1628 115 1688 louet
133 1637 181 1691 aut
200 1631 275 1691 data
295 1629 408 1706 petenti
428 1645 490 1690 non
506 1637 598 1690 esset.
619 1642 688 1689 cum
705 1627 764 1688 sibi
779 1629 852 1688 nihil
867 1627 930 1688 vivi
942 1628 1011 1688 reli·

20 1749 21 1788 3
53 1727 127 1786 quum
140 1715 356 1789 praeterquam
376 1712 510 1788 linguam
525 1713 564 1772 ad
580 1711 788 1787 deplorandas
805 1711 921 1785 patriae
936 1727 1012 1772 suae

19 1851 20 1870 2
53 1796 215 1858 calamitates
244 1798 402 1873 praelatus
424 1801 537 1869 esset‚'
556 1795 703 1870 exposuit
727 1793 856 1854 civitatis
881 1791 1011 1868 primum
1074 1845 1079 1850 .

19 1917 20 1954 q
52 1893 110 1939 suae
122 1878 282 1942 benefacta
301 1888 333 1941 et
351 1885 455 1940 vetera
476 1887 505 1940 et
519 1894 557 1938 ea
575 1891 655 1954 quae
668 1875 772 1937 Persei
787 1876 867 1936 bello
883 1878 1011 1952 praesti-

19 1967 21 2034 ζ
52 1960 140 2025 issent
152 1965 284 2026 ducibus
299 1961 548 2038 exercitibusque
558 1961 724 2029 Ronranis;
740 1965 804 2021 tum
820 1975 900 2036 quae
912 1959 1010 2034 primo

19 2039 20 2100 Τ
52 2045 75 2103 0.
83 2047 234 2109 Lucienus
248 2048 279 2108 in
294 2047 463 2123 populares
478 2061 553 2106 suos
569 2052 693 2122 praetor
704 2041 863 2105 Romanus
875 2045 1011 2120 superbe

19 2139 21 2154 ’
45 2143 125 2190 auare
145 2128 309 2193 crudeliter
328 2129 468 2204 lecisset,
490 2130 602 2190 deinde
624 2135 780 2206 quactum
796 2144 865 2188 cum
880 2128 1011 2187 maxime

51 2211 75 2270 L.
85 2214 260 2276 Hortensius
275 2216 399 2274 laceret.
422 2213 707 2290 quemadmodum
723 2211 824 2273 omnia
835 2211 903 2284 sibi,
920 2211 1009 2272 etiam

51 2293 79 2356 iis
96 2313 168 2374 quac
181 2299 338 2376 patiantur
350 2297 501 2370 tristiora,
522 2297 668 2372 patienda
682 2312 753 2356 esse
769 2297 883 2356 ducant
898 2291 1010 2370 potiu's,

51 2395 122 2453 quam
135 2383 195 2444 fide
210 2382 389 2456 decedatur,
404 2381 450 2441 sic
465 2381 552 2456 quod
566 2381 605 2439 ad
616 2380 790 2440 Lucretium
800 2378 1009 2439 Hortensium-

51 2479 97 2536 que
114 2467 251 2528 attineret
269 2464 350 2526 scire
370 2465 465 2526 tutius
480 2463 578 2524 luisse
592 2464 735 2523 claudere
749 2471 856 2538 portas
873 2479 964 2536 quam
979 2461 1010 2522 in

50 2546 135 2610 urbem
158 2567 215 2612 eos
242 2550 392 2625 accipere.
432 2546 484 2624 qul
509 2548 717 2608 exclusissent
741 2561 812 2616 eos,
839 2543 1010 2604 Emathiam

49 2631 236 2709 Amphipolim
249 2633 426 2694 Maroneam
440 2633 561 2692 Aenum
575 2630 745 2690 incolumes
759 2642 848 2688 esse:
873 2628 958 2702 apud
975 2644 1010 2687 se

49 2715 140 2790 templa
159 2716 303 2779 omnibus
324 2714 511 2777 ornamentis
528 2715 659 2790 spoliata
675 2707 901 2786 compilataque
915 2711 1008 2772 sacri-

19 2809 20 2816 *
50 2796 119 2870 legiis
141 2801 171 2861 C.
198 2800 372 2861 Lucretium
398 2797 528 2859 navibus
553 2797 676 2858 Antium
702 2793 883 2869 devexisse,
914 2793 1010 2854 libera

50 2893 160 2956 corpora
179 2883 211 2944 in
226 2883 403 2944 servitutem
418 2880 560 2956 abrepta,
580 2882 716 2941 fortunas
732 2879 886 2940 sociorum
901 2879 1009 2955 populi

50 2961 156 3026 Romani
171 2967 309 3042 direptas
325 2981 396 3027 esse
412 2971 442 3024 et
456 2965 593 3040 quotidie
608 2965 707 3038 diripi,
731 2979 801 3023 nam
818 2979 856 3023 ex
872 2963 1008 3024 instituto

51 3044 73 3103 0.
88 3049 212 3111 Lucretii
231 3049 430 3111 Hortensium
458 3063 584 3123 quoque
601 3047 639 3107 'in
658 3047 751 3106 tectis
773 3045 873 3108 hieme
896 3049 1009 3122 pariter

50 3136 123 3205 utque
141 3140 258 3194 aestate
277 3131 405 3193 navales
420 3130 525 3192 socios
541 3130 663 3204 habere,
680 3139 709 3192 et
724 3130 835 3192 domos
852 3147 928 3192 suas
945 3132 1008 3206 plc—
1121 3151 1126 3159 ’

49 3226 91 3272 uus
104 3218 187 3278 turba
202 3217 323 3277 nautica
338 3231 426 3285 esse;
441 3215 559 3276 versari
571 3215 650 3274 inter
663 3231 698 3274 se
714 3215 862 3290 coniuges
877 3215 1008 3275 liberos·

51 3311 96 3368 que
106 3315 186 3375 suos,
198 3301 310 3376 quibus
321 3299 394 3360 nihil
406 3313 509 3374 neque
520 3296 622 3359 dicere
633 3299 723 3376 pensi
734 3299 773 3357 sit
784 3312 885 3372 neque
894 3298 1007 3356 lacere.

23 3407 32 3428 ·
49 3376 110 3440 Vlll.
125 3397 280 3445 arcessere
293 3383 325 3443 in
341 3389 479 3443 senatum
489 3381 662 3442 Lucretium
674 3382 795 3456 placuit,
808 3387 842 3439 ut
852 3379 1006 3452 discepta-

48 3470 84 3521 ret
98 3479 193 3528 coram
207 3474 415 3544 purgaretque
430 3479 511 3526 sese.
538 3470 673 3525 ceterum
692 3463 896 3603 mulltgplura
916 3475 1005 3535 prae·
