2328 3870
225 153 338 216 LlBilR
352 155 412 216 XL.
436 154 520 216 CAP.
536 163 580 216 ro
595 165 639 218 rr.
661 156 698 233 [ι.
714 161 746 215 c.
762 158 824 235 rell
970 157 1010 223 71

14 277 15 284 ἵ
62 308 276 385 conpositisque
295 307 337 368 ibi
356 308 450 370 rebus
473 322 543 371 cum
563 307 701 369 adsensu
720 316 841 383 patrum
854 325 1010 386 exposue-

14 391 15 400 ’
62 401 118 454 mut
138 397 168 453 ct
179 407 198 451 a
210 390 352 468 Pnssippo
366 406 440 466 rege
452 389 656 452 Macedonum
671 391 733 452 duo
747 391 839 467 legati
852 403 1010 471 venerunt,

57 476 179 537 Philocles
189 475 553 550 ctApeilcsnuHasuper
562 489 695 552 chae
705 477 840 552 petenda
850 477 889 538 ab
899 485 1010 542 senatu

55 567 133 632 essct,
149 560 338 636 speculatum
358 558 455 634 magis
469 557 710 636 inquisitumque
723 558 812 620 missi
826 559 866 620 de
880 559 918 621 iis
934 577 1010 637 quo·

54 657 105 702 mm
116 642 239 704 Perseus
252 642 439 704 Demetrium
451 641 660 704 insimulasset
673 657 850 704 sermonum
864 660 934 706 curn
947 645 1009 708 Ro·

53 726 144 801 nmis,
166 727 300 787 maxime
324 741 394 787 cum
411 725 444 786 Τ.
465 725 619 800 Quinctio,
645 727 796 788 adversm
821 728 945 788 tratrem
970 729 1010 790 dc

53 825 129 884 resno
140 809 318 870 habitorum.
340 809 399 871 hos
414 815 568 886 tamquam
582 811 701 872 medios
716 826 775 872 nee
785 811 816 872 iu
828 812 954 873 atterius
966 813 1010 872 io·
1094 827 1097 832 ·

51 905 136 955 rorem
152 892 315 954 inclinatos
335 893 461 954 miserat
478 909 551 954 rex=
579 900 664 954 erant
684 901 785 957 autem
804 903 835 956 et
853 895 885 955 hi
904 895 1010 958 Persei

53 977 146 1038 laudis
159 977 188 1036 in
202 978 329 1037 tratrem
342 975 471 1037 ministri
485 985 516 1040 et
529 977 705 1055 participes.

115 1059 283 1123 Demetrius
314 1061 449 1122 omniurn
478 1067 694 1138 praeterquam
725 1063 859 1122 materno
892 1065 1010 1124 sceiere

54 1143 118 1217 qmd
134 1159 231 1221 nuper
250 1151 398 1221 eruperat
418 1145 544 1220 ignarus
565 1146 663 1220 primo
685 1161 787 1222 neque
801 1161 943 1222 magnam
956 1162 1010 1206 ne

53 1241 99 1301 que
109 1229 216 1288 nuliam
229 1243 319 1306 spem
334 1227 469 1290 Habebat
486 1236 602 1304 patrem
618 1229 677 1289 sibi
691 1228 807 1304 placari
820 1245 934 1306 possm
955 1230 1010 1290 mi-

52 1323 96 1370 uus
114 1311 220 1372 demde
245 1313 278 1374 in
299 1312 365 1376 dies
386 1311 483 1388 patris
507 1313 610 1374 animo
628 1311 758 1386 flabat,
785 1327 854 1374 cum
875 1312 1011 1374 obsideri

53 1397 259 1457 mesenatis
274 1403 423 1458 cerneret.
444 1396 547 1472 itaque
560 1396 812 1472 circumspiciens
823 1397 905 1458 dimo
915 1398 1008 1459 lacm-

53 1491 98 1550 quc
108 1493 173 1557 sua,
195 1481 340 1542 naeuius
355 1481 553 1556 suspiciones
564 1487 705 1556 augeret,
726 1481 859 1542 maxime
873 1482 912 1542 ab
927 1481 1008 1542 omni

54 1561 178 1624 mantione
191 1571 223 1624 et
238 1563 421 1640 contagione
435 1561 642 1628 Romanorum
656 1564 841 1639 abstinebat,
860 1571 895 1626 ut
908 1580 1010 1640 neque

54 1644 124 1706 scribi
135 1647 191 1708 sibi
204 1650 307 1721 uellet,
324 1646 470 1724 quiahoc
485 1649 651 1724 praecipue
663 1648 821 1709 crininrun
831 1663 945 1723 genere
956 1663 1009 1708 ex·

54 1729 165 1802 asperari
178 1731 315 1795 ameum
326 1731 486 1794 sentiebat
513 1731 591 1792 XXI.
612 1731 780 1807 Phiiippus,
795 1731 936 1793 simulne
948 1731 1009 1791 otio

56 1811 121 1874 miles
139 1815 274 1878 deterior
287 1815 389 1890 fieret,
410 1816 500 1876 simui
513 1815 699 1876 avertendae
714 1815 900 1891 suspicionis
915 1829 1008 1875 causa

54 1895 190 1972 quiequam
204 1913 276 1960 arse
295 1899 402 1975 agitari
417 1899 457 1963 de
470 1899 609 1960 Romano
623 1897 714 1973 bello,
730 1895 844 1958 Stobos
857 1897 1010 1958 Paeoniae

55 1979 164 2043 exercitu
178 1982 295 2044 indicto
308 1984 339 2043 in
353 1981 525 2045 Maedicam
539 1982 654 2043 ducere
669 1981 777 2056 pergit.
811 1980 926 2056 cupido
942 1995 1011 2041 eum

55 2073 153 2136 teporat
169 2067 197 2127 in
211 2065 361 2129 verticem
374 2066 482 2127 Haemi
501 2065 613 2126 monus
632 2065 833 2138 ascendendi,
857 2063 930 2141 quia
945 2064 1011 2126 rui·

55 2151 122 2218 satae
140 2151 276 2226 opinioni
297 2150 471 2212 crediderat
489 2149 647 2211 Panicum
667 2149 758 2210 simul
778 2155 809 2209 et
821 2148 1010 2210 Adriaticum

55 2241 118 2291 nare
136 2239 163 2296 et
180 2235 318 2296 Histrum
338 2249 458 2296 amnem
480 2240 511 2294 et
523 2234 622 2309 alpes
638 2233 780 2308 conspici
797 2247 909 2309 possea
937 2232 1010 2293 sub-

55 2306 115 2374 teca
131 2319 224 2381 oculis
240 2333 279 2379 eu
292 2319 376 2380 baud
391 2333 479 2396 parm
470 2315 552 2378 sibi
567 2317 711 2380 momenti
725 2318 828 2381 torma
841 2317 882 2376 ud
897 2315 1010 2391 eogita-

56 2393 143 2460 t'cnem
159 2401 292 2464 Romani
315 2403 396 2463 beili.
432 2408 648 2477 percunctatus
672 2399 808 2476 regionis
834 2401 950 2476 peritos
972 2399 1012 2458 de

55 2490 162 2546 ascensu
171 2485 289 2560 Haemi,
305 2501 374 2548 oum
388 2485 463 2546 sotis
479 2485 557 2546 inter
569 2499 677 2546 omnes
693 2491 847 2545 constaret
860 2484 942 2542 viem
957 2497 1010 2542 ex-

57 2564 138 2626 “iiim
156 2572 282 2632 nullam
281 2584 369 2644 esse,
391 2568 500 2646 paucis
520 2575 551 2628 ct
571 2568 722 2644 expeditis
742 2564 1011 2641 perdiiiieiiiimum

57 2644 153 2724 odiam,
167 2662 200 2715 ut
213 2669 357 2716 sermone
371 2653 511 2714 familiari
524 2653 674 2712 minorem
687 2651 783 2710 filium
797 2649 1010 2724 permulceret,

58 2743 127 2800 itta
140 2741 283 2800 statuerat
296 2753 358 2800 non
373 2737 489 2798 ducere
504 2749 618 2809 secum,
635 2732 765 2810 primum
781 2731 899 2808 quaerit
912 2732 952 2792 ab
962 2747 1011 2807 eo,

58 2823 108 2872 tuo
119 2823 195 2882 touta
208 2821 375 2884 utrumme
389 2818 507 2882 itineris
522 2825 728 2896 proponatur
749 2824 849 2878 utrum
863 2829 1010 2893 perseve-

59 2897 161 2964 randum
176 2906 247 2968 sit
239 2923 270 2965 ιιι
284 2904 413 2984 incepto
435 2921 473 2966 an
486 2900 711 2964 abstinendum.
744 2900 772 2963 ei
785 2909 894 2978 pergat
907 2909 1010 2963 tamen

61 2973 91 3036 ‘tlt
97 2999 168 3053 ,non
180 3003 277 3064 posse
291 2985 431 3050 oblivisci
445 3003 481 3048 se
494 2987 525 3046 in
539 2985 650 3048 talibus
665 2986 759 3047 rebus
773 2984 934 3061 trigoni,
957 2983 1010 3060 qui

60 3071 133 3127 saeva
145 3077 321 3150 tempestate
329 3073 470 3146 rectatus
486 3087 554 3132 cum
564 3087 595 3130 ιιι
607 3069 716 3131 eadem
727 3085 806 3131 nave
818 3082 924 3130 secum
935 3085 1012 3129 suos

62 3153 145 3212 tunes
156 3154 327 3231 hamrisset,
345 3155 544 3233 praecepisse
558 3153 663 3215 liboris
679 3154 845 3225 diceretur,
860 3151 1012 3226 metipsi

63 3233 241 3302 llttuirrissent
261 3247 292 3302 et
311 3242 354 3303 ita
373 3239 506 3316 posteris
527 3239 708 3314 proderent
727 3252 767 3298 ne
782 3235 937 3314 quiscum
949 3240 1014 3294 tota

63 3321 132 3381 terte
144 3321 226 3386 sirum
239 3323 270 3386 in
284 3325 379 3386 rebus
395 3323 496 3384 dubiis
511 3322 675 3399 periclitari
690 3320 824 3382 auderet.
847 3330 1013 3378 memorem

63 3403 120 3471 er8⁰
138 3419 168 3465 ec
188 3409 342 3485 praecepti
366 3407 433 3470 eius
455 3407 534 3470 duos
550 3406 640 3468 simul
660 3405 741 3466 iiiios
756 3421 819 3466 non
834 3397 1014 3461 commissu-
