2364 3862
205 187 320 250 trena
330 191 419 250 xttt.
446 192 529 252 oar.
542 202 587 256 m
599 204 643 257 so.
658 202 695 270 p.
708 179 743 258 οξ
752 205 815 271 ru]
939 200 998 264 171

41 340 132 415 nisque
143 339 223 401 ldars
237 341 309 400 belli
323 343 378 412 sit;
398 342 541 419 adverse,
556 347 704 424 secunde,
721 363 865 426 quaeque
878 350 998 414 inscitia

37 433 63 484 et
74 424 224 484 temeritate
239 425 353 487 dueum
368 427 473 487 clades
487 443 584 505 saepe
598 430 774 507 acciderint,
797 449 878 509 quae
892 445 998 496 contra

38 507 103 566 bona
114 507 272 582 prudentia
287 517 318 570 et
333 508 429 570 virtus
446 512 586 574 auderit.
617 529 709 589 quent
730 517 811 580 seire
825 518 996 582 mortalium

37 591 114 650 ulnus
124 590 239 666 mentis,
252 595 352 653 utrius
362 595 505 655 luminae
517 599 676 662 consulem
688 599 728 662 ud
739 599 853 666 bellum
860 602 998 664 mitmntt

38 673 286 749 triumphantemne
299 693 372 738 mox
388 693 458 738 uum
472 679 609 742 exercitu
622 682 740 746 victore
754 684 954 748 scandentem
965 686 995 746 in

37 755 189 834 Capitolium
211 761 251 820 ad
266 761 395 821 eosdem
410 763 506 834 deos,
526 779 546 824 a
567 764 679 840 quibus
701 767 929 842 proficiscatur,
951 771 996 828 vi·

13 843 96 914 sni,
117 858 152 901 an
177 843 323 904 hostibus
348 861 417 905 eam
439 846 607 921 praebituri
631 851 775 914 laetitiam
798 853 879 914 sintt
907 851 995 914 Persi

13 941 14 960 2
35 925 201 1001 autemregh
222 929 377 989 adversus
393 945 486 1005 quem
500 930 614 1006 ibatur,
635 935 747 998 lautam
770 943 800 998 et
814 936 895 998 bello
912 938 997 998 clara

13 1031 15 1050 ·
34 1007 209 1070 hemdouum
223 1027 305 1087 gens
319 1011 519 1089 etPhihppus
535 1021 631 1091 pater,
646 1017 725 1081 inter
738 1020 833 1082 multa
845 1035 994 1095 prospere

13 1067 99 1174 {peste
115 1094 255 1156 Romano
276 1096 368 1164 etiarn
394 1097 571 1160 nobilitatus
591 1099 688 1173 betto,
714 1102 899 1176 praebebat,
930 1112 995 1162 tum

13 1177 15 1248 t
33 1173 107 1247 ipsius
119 1175 220 1238 Persei
236 1195 415 1256 numquam,
433 1197 472 1240 ex
486 1199 549 1256 quo
564 1198 693 1258 regnum
708 1184 890 1259 accepisset,
911 1185 994 1245 desi·

13 1271 14 1274 ’
33 1263 77 1317 tuu
91 1260 153 1320 belli
167 1265 405 1338 exspectatione
420 1265 568 1327 celebrari
582 1282 706 1330 nomeu.
730 1283 799 1330 cum
814 1267 862 1330 his
878 1267 993 1344 cogita·

13 1355 15 1392 t
33 1340 137 1406 ionibus
152 1349 292 1408 omnium
305 1349 449 1408 ordinum
463 1349 604 1414 homines
620 1351 868 1426 proficiscentem
880 1367 993 1416 consu·

13 1393 15 1482 Ϊ
32 1422 74 1484 lm
90 1432 239 1501 prosecuti
262 1429 343 1490 saut.
368 1433 438 1502 duo,
453 1435 634 1496 consulares
654 1434 765 1498 tribuni
781 1434 907 1500 militurn
923 1451 993 1498 curn

13 1511 18 1584 3
32 1521 58 1568 tu
68 1511 150 1588 missi,
162 1513 197 1574 G.
215 1512 365 1575 &andins
380 1517 415 1590 Q.
430 1515 562 1591 Munius,
578 1525 607 1580 et
621 1526 684 1581 tres
700 1517 836 1582 illustres
852 1520 990 1592 iuvenes,

13 1589 15 1650 ἶ
32 1590 195 1658 hierulus
210 1605 244 1658 et
257 1599 324 1658 duo
339 1599 445 1660 Manlii
459 1601 598 1662 Acidinit
628 1603 703 1666 ulter
716 1603 757 1666 ht.
769 1603 891 1676 Manlii,
916 1605 992 1666 alter

13 1671 55 1758 ξι.
69 1677 159 1741 Manlii
179 1683 266 1743 illins
286 1690 362 1743 erat.
386 1699 455 1745 oum
475 1683 514 1744 iis
532 1687 644 1746 consul
663 1686 861 1750 Brundisium
882 1687 923 1746 ad
937 1702 991 1746 ex-

13 1763 144 1837 3ercitum,
164 1774 261 1841 atque
282 1765 356 1826 inde
376 1782 447 1827 unm
467 1766 611 1829 omnibus
626 1768 726 1843 copiis
741 1776 936 1832 transvectus
951 1769 992 1828 ad

13 1895 14 1918 2
32 1839 219 1920 Nymphaeum
230 1851 263 1911 in
278 1850 520 1924 Apolloniatium
534 1867 610 1925 agro
625 1849 731 1926 posuit
746 1858 857 1915 castra.

92 1931 121 1991 L.
141 1933 265 1995 Paucos
291 1941 363 1995 ante
388 1934 455 1994 dies
476 1934 624 2009 Perseus,
650 1942 817 2010 postquam
836 1934 931 2009 legati
952 1935 991 1994 ab

13 2031 14 2090 3
32 2009 104 2074 hona
115 2019 249 2095 regressi
262 2017 477 2093 praeeldernnt
489 2035 577 2094 spem
589 2020 685 2093 pacis,
701 2017 864 2084 consilium
875 2017 990 2078 habuit.

13 2103 15 2176 3
31 2092 59 2154 ihi
70 2098 247 2176 aliquamdiu
264 2101 397 2163 diversis
412 2103 572 2164 sententiis
587 2110 733 2165 certaturn
748 2109 806 2166 est
820 2110 909 2164 erant
924 2102 989 2198 qui3

13 2179 15 2214 r
32 2175 73 2240 bus
86 2186 127 2243 vel
139 2186 329 2261 stipendium
344 2186 552 2260 pendendum,
574 2186 601 2247 si
615 2185 839 2262 iniungeretnr,
860 2186 910 2246 vel
925 2201 989 2260 agrr

13 2269 303 2344 praeuertendum,
329 2271 356 2330 si
380 2271 551 2343 multarent,
577 2268 728 2346 quidquid
751 2270 886 2346 denique
907 2269 990 2331 aliud

13 2359 14 2416 3
31 2348 95 2418 pacis
108 2367 199 2414 eausa
214 2353 394 2430 patiendum
408 2361 509 2426 esset,
527 2370 589 2415 non
603 2355 811 2418 recusandum
825 2353 989 2426 videretur,

13 2431 15 2484 ῖ
31 2443 71 2490 rec
83 2438 335 2511 ommittendum,
350 2438 429 2498 utin
445 2438 543 2499 aleam
556 2436 632 2498 tanti
647 2453 740 2500 casus
752 2453 788 2500 su
798 2451 989 2510 regnumque

13 2511 101 2576 :daret
120 2512 147 2580 si
168 2522 334 2599 possessio
358 2521 442 2582 haud
464 2522 606 2596 ambigua
619 2519 707 2596 regni
720 2525 872 2591 maneret,
896 2519 991 2580 multa

13 2579 15 2670 i
31 2594 88 2658 dien
100 2608 282 2680 tempusque
297 2605 421 2666 adferre
436 2620 542 2680 posse,
559 2605 671 2680 quibus
686 2620 749 2664 non
764 2598 988 2696 amissamodo

13 2729 14 2734 ,
30 2682 182 2764 reciperare,
198 2689 258 2749 sed
272 2686 427 2754 timendus
439 2691 521 2749 ultro
537 2689 576 2748 iis
592 2703 664 2748 esse
679 2702 759 2763 quos
774 2699 857 2746 nunc
870 2688 989 2778 trmeret

13 2759 120 2834 ‘posset
148 2779 284 2834 ceterum
305 2775 399 2834 multo
420 2771 520 2832 rnnior
539 2787 612 2847 pars
635 2768 797 2832 ferocioris
819 2773 989 2864 sententrae

32 2856 84 2909 titt
108 2855 256 2932 quidquid
279 2855 444 2931 cessisset,
465 2872 536 2916 cunr
557 2873 595 2917 eo
617 2856 708 2916 simul
727 2868 824 2928 regno
847 2858 987 2927 protrnus

33 2933 261 3002 tedmdnm‘esse
277 2941 491 3001 adfirmabant.
513 2956 615 3014 neque
630 2941 710 3001 euim
725 2940 882 3000 Romanos
894 2951 987 3012 pecu·

33 3013 66 3073 ola
83 3028 129 3081 aut
146 3039 221 3098 egro
237 3039 347 3099 egere,
373 3025 431 3084 sed
445 3024 505 3086 hoc
521 3024 616 3096 scire,
644 3040 712 3084 cum
727 3022 830 3085 omnia
842 3020 986 3092 bumana,

32 3099 76 3158 mn
94 3107 222 3167 maxima
247 3124 392 3183 quaeque
417 3115 448 3167 et
467 3123 563 3182 regne
585 3113 615 3166 et
632 3107 761 3183 imperia
782 3104 840 3171 sub
863 3105 986 3169 casibus

32 3183 106 3246 mltis
118 3193 198 3250 esse.
222 3191 519 3267 Carthaginiensium
535 3205 611 3265 opes
626 3191 758 3265 fregisse
773 3203 854 3263 seso,
875 3197 907 3254 et
922 3205 986 3251 cer·

31 3261 121 3330 umus
133 3289 237 3336 eurum
251 3281 485 3352 praepotentem
496 3275 656 3334 finitimum
666 3288 770 3349 regem
782 3273 986 3347 imposuisset

33 3343 186 3418 Antiochum
207 3360 452 3436 progeniemque
471 3359 539 3419 eins
554 3360 633 3418 ultra
647 3359 719 3431 iuga
732 3357 821 3418 Tauri
835 3361 985 3448 emotumr

24 3433 100 3496 'trum
113 3455 179 3502 esse
193 3443 397 3504 Macedoniae
411 3458 555 3518 regnum,
582 3448 612 3501 et
626 3441 753 3514 regione
769 3449 985 3512 proprnqnum,
