2328 3870
198 199 240 266 74
356 200 473 262 LIBER
486 201 548 262 xl.
571 199 655 260 clla
669 207 712 261 Ἀ.
724 207 767 262 tl.
779 208 824 261 25.
846 204 885 272 [a.
896 203 930 262 U.
939 219 963 256 c.
974 201 1033 270 571]

197 373 268 418 cum
283 355 400 432 adquot
412 368 536 414 rnensae
550 350 674 428 egisse,
687 352 810 414 landem
823 349 922 427 legali,
938 351 996 411 iarn
1005 357 1069 412 ante
1078 365 1145 426 prae·

197 437 332 501 meditati
346 437 377 497 in
390 435 574 500 Macedonia
588 451 669 512 quae
682 436 721 497 ab
735 436 833 498 Roma
846 436 1059 506 reamuaeat,
1075 447 1145 494 vene-

196 530 283 591 runta
306 521 359 598 qui
371 535 468 596 snper
482 527 585 581 cetera
598 521 718 580 scelera
731 521 827 582 falsas
841 519 931 582 eliam
944 519 1062 589 litteras,
1078 517 1145 591 amo

197 605 368 670 adulterino
382 604 415 662 Τ.
431 601 561 678 Quinctii
580 602 732 678 agnatus,
754 601 952 668 reddiderant
964 600 1036 676 roei.
1060 600 1146 674 depre-

197 691 278 752 catio
298 687 409 750 eratin
430 688 551 762 litteris,
573 686 690 762 siquid
713 687 896 748 adolescens
915 679 1146 762 cupiditalerogni

196 774 363 852 prolapsus
389 785 495 832 seeum
523 770 650 846 egisset:
684 770 759 832 nihil
784 786 852 832 eum
877 769 1024 832 adversm
1047 781 1146 828 suorum

186 844 383 933 'quemquam
404 855 570 924 iacturum
597 869 699 930 neone
719 869 789 916 eum
810 869 883 916 aeae
904 868 989 925 ease,
1015 852 1062 926 qui
1078 849 1146 910 ullus

196 938 282 1015 impii
307 938 427 1000 consilii
453 947 560 1000 auctor
583 938 703 1000 merrus
723 938 820 1000 videri
841 938 950 1014 possit.
984 935 1040 998 lae
1057 933 1146 994 litterae

196 1024 289 1084 fldem
303 1021 407 1084 Persei
428 1021 606 1084 criminibus
627 1023 773 1084 leoenmt.
805 1023 909 1099 itaque
928 1019 1093 1082 &adanu
1109 1029 1146 1076 ex·

196 1109 311 1182 templo
327 1107 380 1168 diu
394 1106 591 1168 excecatus
605 1106 672 1166 sine
689 1103 802 1169 indicio
817 1107 864 1166 rei
873 1105 964 1168 ullius
978 1102 1009 1164 in
1018 1098 1146 1164 totnonis

196 1191 339 1252 moritura
367 1190 474 1250 xxlv.
495 1189 681 1252 Demetrium
700 1188 810 1252 iterum
828 1190 871 1250 ad
886 1196 1003 1266 patrem
1021 1181 1147 1249 acuarit

195 1275 339 1336 Perseus.
371 1275 445 1350 tuga
464 1287 523 1350 per
541 1273 706 1334 Paeoniam
726 1280 911 1350 praeparata
931 1269 1148 1347 spumaue

195 1358 333 1432 corrupti
345 1358 479 1431 quidam,
491 1365 525 1418 ut
536 1358 662 1416 comites
674 1355 791 1418 iurnoels
803 1365 925 1429 essenla
940 1355 1066 1418 mammo
1075 1351 1147 1412 talne

195 1441 313 1500 litterae
326 1441 359 1500 Τ.
372 1439 505 1514 Quinctil
527 1441 684 1514 urgebant.
718 1441 792 1502 nihil
812 1448 917 1504 temen
936 1441 1034 1516 edem
1052 1431 1148 1513 gradu

195 1523 423 1598 pronuntiatum
438 1523 478 1582 de
491 1539 529 1583 eo
544 1529 606 1598 est,
621 1531 655 1584 nl
668 1524 741 1585 dolo
755 1526 859 1600 potius
875 1523 1098 1592 interficeretur,
1109 1527 1150 1576 1¹0⁰

195 1607 228 1666 id
242 1621 317 1666 cura
336 1605 452 1681 ipsius,
473 1608 530 1666 sed
552 1622 592 1666 ne
612 1621 714 1682 poena
728 1608 794 1670 eius
809 1610 943 1670 nonalia
957 1607 1096 1670 advenas
1107 1598 1151 1662 llo·

195 1705 306 1750 manos
326 1688 465 1750 nudaret.
496 1690 536 1750 ab
550 1689 771 1752 Thessalonice
783 1691 1012 1754 Demetriadem
1030 1687 1084 1764 ipsi
1099 1695 1151 1746 clm

195 1773 253 1834 lter
273 1780 371 1847 esset,
393 1774 557 1836 Astraeum
570 1773 724 1835 Paeoniae
737 1774 929 1838 Demelmum
944 1773 1030 1838 mittit
1043 1785 1103 1837 cum
1113 1780 1151 1826 ii

161 1933 166 1940 .
196 1857 266 1917 dem
281 1858 391 1917 comite
405 1856 497 1930 Dida,
518 1857 663 1918 Perseum
678 1859 880 1936 Amphipolin
895 1860 937 1922 ad
951 1857 1072 1922 obsides
1082 1851 1150 1914 llere·

195 1956 267 2000 cum
286 1939 495 2016 accipiendos.
528 1941 710 2016 digredienti
729 1943 767 2002 ab
788 1959 823 2003 se
844 1944 948 2005 Didae
966 1939 1099 2006 mandata
1113 1931 1150 1994 dl·

196 2025 281 2084 disse
303 2025 412 2084 dicitur
433 2025 473 2084 dc
490 2025 553 2086 lilio
568 2023 749 2085 occidendo.
776 2027 964 2090 sacrificium
979 2025 1017 2087 ab
1031 2021 1101 2087 Dida
1111 2029 1153 2108 seu

194 2106 365 2167 inslilulnm
379 2121 436 2166 seu
450 2108 625 2168 mutuatum
639 2115 701 2182 est,
715 2110 756 2182 ad
772 2111 857 2184 quod
874 2109 1086 2172 celebrandam
1096 2103 1152 2164 invt-

195 2196 275 2249 tatus
289 2189 460 2249 Demetrius
483 2189 521 2248 ab
536 2191 668 2252 Aslrwo
682 2193 863 2254 Heracleam
881 2195 974 2256 venit
1004 2192 1036 2256 in
1050 2205 1084 2252 ea
1096 2195 1154 2247 dell

197 2269 306 2331 dicitur
319 2285 473 2332 venenam
487 2269 600 2333 datum.
622 2276 734 2350 poculo
748 2283 842 2353 epoto
856 2281 1015 2352 externplo
1030 2269 1122 2336 senat·
1133 2269 1154 2322 θῑ

194 2365 267 2413 mox
282 2355 396 2414 coortis
411 2354 579 2432 doloribus,
594 2358 701 2420 relicto
717 2361 860 2422 convivio
876 2377 947 2423 cum
962 2362 994 2422 in
1008 2353 1155 2422 clinicum

193 2437 366 2514 recepisset
380 2452 466 2512 sese,
489 2441 696 2504 crudelitatem
711 2441 807 2518 patris
821 2460 1036 2522 conquerens,
1053 2430 1156 2518 partiti·

194 2519 277 2581 dium
291 2521 392 2581 fratris
406 2537 443 2582 ac
457 2522 555 2583 Didae
568 2525 671 2585 scelus
685 2525 832 2588 incusans
846 2529 1057 2606 torquebatur.
1082 2521 1155 2586 intro

193 2604 281 2666 missi
305 2605 417 2666 deinde
435 2605 563 2684 l'lryrsis
589 2607 713 2684 quidam
737 2608 928 2674 Stuberaeus
953 2619 985 2673 el
1003 2613 1157 2673 Benacus

192 2688 370 2748 Alexander
388 2689 508 2750 iniectis
528 2691 681 2767 tapetibus
697 2692 729 2752 in
744 2701 837 2769 capnt
851 2696 1024 2772 lancesque
1039 2688 1157 2768 spirtum

193 2769 435 2833 intercluserunt.
457 2774 498 2833 ita
512 2773 656 2836 innoxius
667 2776 860 2850 adolescens,
875 2795 950 2840 eum
964 2779 996 2840 in
1007 2793 1045 2840 eo
1057 2791 1093 2838 nc
1103 2770 1158 2834 sin·

191 2853 264 2997 {elffii
286 2855 410 2929 quidem
429 2871 543 2930 genere
563 2857 669 2920 merlis
690 2862 823 2924 contenti
838 2861 955 2924 inimici
970 2863 1107 2928 luissent,
1124 2853 1158 2910 ¹¹¹¹

261 2937 346 2998 citur.
421 2987 427 2992 .

275 3019 370 3082 XXV.
389 3021 467 3082 Dum
482 3023 558 3085 haec
573 3023 604 3086 in
614 3025 796 3088 Macedonia
810 3035 967 3104 geruntur,
983 3031 1017 3090 L.
1031 3019 1161 3089 Aernilius

191 3101 320 3179 Paulus,
341 3113 507 3182 prorogato
529 3125 569 3168 ex
584 3111 745 3172 consulatu
759 3111 904 3187 imperio,
927 3100 1162 3188 principiovuis

191 3185 222 3244 in
241 3187 368 3262 Ligures
389 3189 543 3266 ingaunos
569 3191 689 3254 induxit
709 3196 883 3256 exercituin.
919 3197 976 3258 ubi
996 3186 1146 3272 primun'

189 3267 324 3332 hostiurn
338 3271 450 3335 linibus
471 3285 572 3336 castra
587 3275 705 3353 posuit,
722 3279 814 3354 legati
828 3279 869 3340 ad
883 3292 956 3340 enm
971 3296 1029 3355 per
1042 3271 1159 3352 specie

192 3354 279 3428 pacis
299 3357 450 3430 petendae
464 3360 656 3433 speculatum
673 3369 828 3424 venerunt.
857 3364 984 3438 neganti
998 3361 1103 3424 Paullo
1117 3353 1154 3414 ni

191 3449 262 3498 eum
286 3438 397 3501 deditis
418 3439 535 3518 pacisci
555 3459 590 3505 se
613 3460 736 3521 pacem,
762 3463 825 3508 non
846 3454 908 3509 tam
929 3446 963 3507 id
984 3441 1150 3508 recusabat
