2328 3870
168 178 230 242 120
257 178 373 238 LlBER
386 177 460 237 XLI.
484 175 567 236 ehP.
584 184 627 240 19.
639 185 683 238 20.
706 183 744 250 [a.
756 181 790 234 U.
804 199 828 234 c.
841 181 903 240 att.
921 199 945 235 a.
957 181 988 236 0.
1000 184 1054 250 175]

167 337 323 403 ravereat,
343 328 401 388 sed
420 328 578 402 graviores
600 326 667 386 lieri
685 327 715 386 in
740 325 807 387 dies
822 335 978 388 cernerent
995 327 1121 390 subnixos

167 414 318 473 Thracum
338 411 511 472 accolarum
527 418 557 471 et
571 409 805 472 Scordiscorum
821 411 956 486 auxiliis,
973 412 1121 472 audendum

167 495 283 572 aliquid
294 496 343 555 vel
355 501 468 554 temere
478 493 546 568 rati,
555 509 662 554 omnes
675 494 812 569 undique
822 494 928 554 armati
940 494 978 554 ad
988 494 1121 569 oppidum

167 579 252 654 quod
276 578 449 654 proximum
475 577 583 637 casuis
608 577 824 637 Bastarnarum
850 586 927 650 erat,
954 577 1122 638 conveniunt
1159 593 1161 652 ς

166 661 264 722 hiena
278 668 351 732 erat,
368 668 398 720 et
411 661 444 720 id
458 659 530 720 anni
544 666 666 735 tempus
681 661 846 734 elegerant
864 669 898 720 ut
910 660 1036 720 Thraces
1049 659 1120 722 Scor·
1159 659 1161 722 l

166 745 308 820 discique
321 745 351 802 in
369 743 448 803 fines
463 758 539 804 suos
555 743 692 804 abirent.
705 743 790 818 quod
803 743 857 804 ubi
872 745 914 804 ita
927 745 1032 804 facturn
1045 751 1071 804 et
1081 760 1119 804 so
1159 769 1161 798 t

166 828 214 888 los
235 828 296 887 iam
318 841 389 886 esse
403 827 570 888 Bastarnas
592 826 767 901 audieruut,
789 826 929 888 bifariam
945 826 1120 888 dividuatco·

165 908 250 986 pias,
268 925 341 984 pars
357 916 390 970 ut
402 919 488 972 recto
502 911 610 971 itincre
624 910 664 970 ad
676 909 892 971 lacessendum
907 926 946 970 cx
960 918 1058 986 aperto
1070 910 1123 982 iret

165 1006 240 1068 pars
259 992 350 1053 devio
372 995 451 1054 saltu
472 992 680 1056 circumducta
694 993 734 1053 ab
748 1000 835 1068 tergo
851 995 1067 1069 adgrederetur.
1083 1005 1120 1052 ce

164 1083 263 1136 terum
284 1077 465 1151 priusquam
487 1078 645 1137 circumire
660 1083 763 1136 castra
777 1077 911 1138 hostium
925 1084 1061 1153 possent,
1078 1093 1119 1150 pa

164 1166 290 1234 gnatum
315 1167 379 1229 est;
411 1161 544 1236 victique
569 1160 704 1222 Dardani
729 1162 953 1237 compelluntur
975 1164 1006 1221 in
1028 1160 1123 1231 urbam

166 1258 246 1316 quac
266 1244 331 1303 fere
347 1243 509 1304 duodecim
524 1242 606 1304 milia
621 1244 660 1304 ab
676 1245 786 1305 castris
799 1247 1016 1307 Bastarnarum
1029 1244 1120 1304 aberat

164 1325 298 1386 actores
319 1327 480 1387 confestim
502 1327 722 1387 circumsidunt
742 1327 865 1402 urbem,
888 1330 969 1390 haud
983 1327 1066 1388 dubie
1079 1341 1120 1401 po·

165 1415 247 1468 slero
268 1408 319 1467 die
341 1415 392 1470 aut
411 1415 494 1470 metu
511 1409 660 1470 dedituris
675 1425 711 1469 se
724 1409 867 1474 hostibus
882 1421 935 1475 aut
947 1414 978 1474 vi
991 1423 1119 1486 expugna*
1160 1421 1162 1456 r

162 1490 230 1551 turi.
247 1490 368 1550 interim
378 1491 590 1553 Dardanorum
606 1495 701 1555 altera
714 1509 833 1570 manus,
850 1512 931 1573 quae
945 1495 1124 1558 circumducta
1161 1499 1163 1506 “

166 1581 240 1716 ergit,
257 1573 364 1647 ignara
378 1575 476 1635 cladis
491 1591 627 1651 suorum,
644 1583 744 1637 castra
754 1579 972 1642 Bastarnarum
983 1581 1044 1640 sine
1053 1588 1119 1652 praa·

165 1656 191 1716 si
214 1655 244 1716 io
258 1654 364 1716 relicta

163 1820 228 1882 XX.
250 1839 335 1886 more
356 1823 434 1886 sella
454 1825 591 1888 eburnea
604 1828 709 1902 posita
721 1829 769 1890 ius
785 1803 922 1905 dicebat,
945 1825 1121 1902 disceptabat·

164 1921 225 1980 que
245 1909 472 1969 controversias
493 1911 683 1971 minimarum
698 1929 808 1974 rerum.
841 1914 984 1988 adeoque
998 1909 1064 1980 nulli
1076 1909 1122 1968 for·

162 1999 255 2059 tunae
275 1991 463 2053 adhaerebat
484 1995 603 2054 animus
618 2009 674 2068 per
689 1997 791 2058 omnia
805 2011 922 2071 genera
936 1997 1014 2057 vitae
1027 2005 1124 2062 errans,

162 2073 204 2130 uli
219 2087 277 2132 nec
291 2075 350 2134 sibi
364 2089 422 2134 nec
436 2074 513 2150 aliis,
531 2078 654 2152 quinam
669 2079 762 2141 horno
777 2088 876 2154 esset,
893 2080 968 2142 satis
983 2079 1124 2140 constaret
1162 2079 1163 2082 ’

163 2169 224 2212 non
240 2155 366 2231 adloqui
381 2157 514 2233 amicos,
528 2160 581 2218 vix
595 2161 676 2222 nolis
692 2163 878 2224 familiariter
892 2164 1034 2234 arridere,
1047 2149 1133 2220 muni·'

162 2235 284 2296 licentia
298 2238 451 2313 inaequali
463 2255 535 2301 sese
550 2243 692 2320 aliosque
706 2246 873 2308 ludificariz
898 2247 1072 2324 quibusdam
1081 2241 1123 2300 lo

162 2319 276 2379 noratis
291 2337 465 2398 magnoque
479 2327 711 2391 aestimantibus
726 2346 762 2390 se
776 2330 922 2406 puerilia,
944 2338 976 2390 ut
990 2341 1074 2390 escae
1084 2327 1125 2383 ant

42 2415 44 2422 ⁸
161 2402 263 2476 lusus,
285 2419 412 2499 munera
433 2406 522 2483 dare,
542 2412 620 2472 alios
642 2413 715 2474 nihil
731 2423 949 2491 exspectantes
965 2415 1063 2475 ditare.
1083 2408 1124 2466 ila·

161 2499 221 2558 que
235 2501 357 2548 nescire
373 2490 447 2566 quid
462 2492 522 2554 sibi
536 2496 627 2556 vellet
641 2496 825 2572 quibusdam
839 2499 947 2571 videri,
964 2496 1078 2573 quidam
1090 2492 1124 2549 lu-

160 2568 234 2664 dere
249 2584 319 2630 eum
332 2573 519 2653 simpliciter,
535 2579 659 2655 quidam
669 2581 750 2642 haud
765 2581 857 2642 dubie
867 2582 1002 2644 insanire
1012 2577 1127 2640 aiebanl·

158 2667 189 2709 rn
209 2651 329 2714 duabus
350 2665 451 2720 tamen
471 2664 592 2736 magnis
612 2664 813 2742 honestisque
831 2665 927 2727 rebus
947 2679 1019 2726 vere
1037 2659 1128 2734 regim

158 2740 224 2828 erat
233 2737 367 2831 animus,
381 2741 413 2802 in
427 2744 546 2804 urbium
561 2747 651 2808 donis
666 2754 697 2808 el
711 2750 837 2810 deorum
852 2751 945 2811 cultu.
966 2744 1124 2821 Megalopo-

157 2815 260 2908 litanis
275 2836 306 2877 rn
321 2823 457 2885 Arcadia
470 2841 589 2888 murum
608 2846 644 2890 se
665 2832 920 2894 circumdaturum
935 2831 1001 2894 urbi
1014 2835 1059 2889 est
1071 2823 1124 2901 pol·

155 2897 265 2968 hortus,
281 2901 492 2997 maioremque
506 2918 625 2985 partem
640 2915 790 2989 pecuniae
804 2917 903 2986 dedita
926 2917 1041 2990 'fageae
1055 2910 1126 2970 thea-

156 2983 234 3036 trum
258 2987 455 3054 masnlficum
473 3008 491 3052 e
511 3010 663 3057 mmmore
687 2998 789 3059 lacere
813 3000 953 3070 instituit;
987 2994 1082 3076 Cyzici
1099 2990 1125 3048 il

152 3057 340 3153 prytaneum
350 3099 396 3117 ·-
408 3075 441 3135 id
455 3082 503 3137 est
516 3083 673 3154 penetrale
686 3081 787 3154 urbis,
809 3082 861 3144 ubi
874 3083 1005 3159 publice,
1027 3077 1126 3154 quibus

152 3155 180 3198 rs
194 3140 293 3236 honos
309 3147 403 3215 datus
417 3167 472 3235 est,
487 3173 655 3228 vescuntur
665 3182 796 3226 -vasa
809 3183 903 3228 aurea
915 3159 1126 3228 measaeunius

150 3231 264 3296 P⁰⁸u¹b
285 3227 422 3301 Rhodiis
437 3253 470 3306 ut
484 3246 557 3308 nihil
571 3266 664 3312 unum
680 3249 816 3326 insigne,
837 3251 879 3312 ita
892 3251 991 3313 omnis
1006 3241 1125 3325 generis,

150 3311 341 3403 utfluaeque
363 3333 444 3386 usus
466 3344 571 3393 eorum
594 3338 843 3411 postulaverunt,
865 3337 948 3397 dona
961 3332 1050 3396 dedit.
1070 3340 1123 3386 ma·

149 3389 344 3459 gnificesslltle
361 3411 483 3472 veroin
499 3414 576 3478 deos
592 3423 640 3480 vel
651 3421 733 3482 lovis
747 3417 878 3496 Olympii
889 3420 1030 3495 templum
1041 3410 1122 3474 Athe
