2368 3858
158 208 221 270 302
367 204 562 265 EPlTOMAE
577 195 780 265 LlBRORUM
793 205 893 265 xiix.
908 205 941 266 L.

159 359 226 415 pulos
239 359 352 399 Romanus
371 367 398 397 eo
418 356 494 397 lavore
509 355 650 408 complexus,
670 358 695 396 ui
709 357 805 397 comitiis
818 357 927 408 plurimae
942 369 991 398 eum
1005 358 1074 399 tribus
1087 369 1131 398 con·
1181 343 1183 414 ξ

158 414 230 456 sulem
248 412 382 460 scriberent,
403 422 452 450 cum
471 409 513 450 lroc
527 421 567 462 per
580 412 675 451 aetatem
690 422 733 450 aon
749 410 835 452 liceret.
855 423 903 452 cum
918 412 943 453 L.
957 411 1086 453 Scribonius
1098 411 1131 452 tri·
1181 417 1183 464 j

159 470 231 509 banus
245 466 319 518 plebis
331 465 468 516 rogationem
484 463 658 517 promulgasset,
674 468 697 504 ut
712 464 819 514 Lusitani,
835 467 873 516 qui
888 466 910 506 in
925 465 990 508 iidem
1003 466 1081 519 populi
1094 465 1131 508 lto·
1182 467 1183 484 i

158 522 215 563 mani
232 520 301 561 dediti
316 519 391 560 aser.
407 518 478 559 Galba
492 519 514 558 in
530 518 623 559 Galliam
639 519 763 566 venissent,
784 519 807 558 ln
822 519 947 560 libertatem
961 522 1132 561 restituerentur·

158 577 190 618 M.
201 576 257 617 cato
271 574 377 614 acerrime
391 573 472 617 suasit.
487 574 563 612 exstat
577 572 647 612 oratio
661 573 683 612 ln
698 571 823 612 Annalibus
837 574 885 613 eius
899 573 994 614 inclusa.
1007 574 1037 617 Q·
1049 572 1133 614 Fulvius

157 630 274 678 Nobilior,
291 631 313 668 et
327 628 376 679 lpse
390 627 417 666 ab
433 637 459 666 eo
474 626 496 665 in
510 627 588 666 aeuaiu
604 625 725 675 laceratus,
741 626 857 678 respondit
872 636 911 678 pro
927 627 1007 669 Galba.
1023 629 1071 679 ipse
1085 637 1133 678 quo·

159 694 202 736 que
217 681 300 731 Galba,
322 693 370 721 cum
386 690 411 721 se
426 679 524 720 damnari
539 678 639 728 videret,
659 680 790 731 complexus
804 679 861 720 duos
879 680 938 721 filios
953 684 1105 775 praetextatos
1115 683 1135 720 et
1181 679 1183 732 ζ

157 738 252 790 Sulpicii
263 735 323 778 oaiii
337 735 412 783 illiont,
429 735 493 774 cuius
507 737 567 774 tutor
581 735 635 781 erat,
651 734 681 774 ita
696 733 852 775 miserabiliter
865 745 905 786 pro
920 744 945 774 se
964 739 1045 776 ocutus
1059 739 1100 784 est,
1114 737 1134 773 ui

157 787 891 896 iiiiiiiiitii'ititiitiiiiii.⁰l:itiii¹iiaiit⁶‚
905 786 1135 886 :iitiitiilti

158 898 241 940 nelium
256 896 389 949 Cethegum,
409 898 431 936 in
447 906 492 948 qua
505 896 623 938 Lusitanos
637 899 728 948 propter
741 905 792 936 sese
806 900 879 937 rutra
894 894 1003 936 babentes
1017 907 1094 937 caesos
1108 896 1133 936 la

158 956 230 1002 tetur,
250 951 310 1004 quod
325 953 462 1002 conpertum
476 949 579 990 habuerit
593 960 650 1001 equo
670 952 738 1001 atque
753 947 841 990 bomine
855 962 896 992 suo
909 953 953 991 ritu
969 950 1088 991 immolatis
1100 959 1134 1002 per

157 1005 254 1060 speciem
270 1007 331 1058 pacis
345 1005 426 1045 adoriri
442 1005 563 1045 exercitum
578 1002 678 1042 suumin
693 1003 768 1046 animo
779 1002 893 1046 habuisse.
908 1004 1033 1046 Andriscus
1045 1003 1134 1056 quidam,

157 1061 249 1103 ultimae
262 1060 331 1102 sortis
344 1057 421 1107 bomo,
442 1059 518 1099 Persei
533 1058 592 1109 regis
606 1066 631 1097 se
646 1055 715 1098 filium
731 1058 805 1098 lerens
819 1060 842 1098 et
856 1063 940 1098 mutato
954 1059 1045 1098 nomine
1059 1058 1135 1110 Philip·

156 1125 199 1168 pus
214 1117 316 1163 vocatus,
332 1124 380 1154 cum
394 1112 422 1153 ab
438 1112 491 1152 urbe
506 1109 612 1160 Romana,
628 1121 672 1162 quo
687 1110 752 1152 illurn
767 1112 895 1152 Demetrius
909 1111 988 1164 Syriae
1002 1123 1045 1153 rex
1059 1114 1086 1152 ob
1099 1111 1135 1152 boc

156 1171 228 1222 ipsum
243 1167 380 1209 mendacium
395 1167 492 1214 miserat,
507 1164 564 1206 clam
579 1164 730 1217 profugisset,
745 1167 822 1207 multis
835 1165 865 1206 ad
879 1165 957 1207 ialsam
973 1169 1023 1208 eius
1038 1166 1135 1215 tabulam,

156 1221 261 1264 velutad
275 1233 351 1263 verum
366 1221 503 1270 coeuntibus,
519 1222 631 1260 connecto
654 1221 754 1262 exercitu
769 1223 837 1262 totam
848 1220 1000 1262 Macedoniam
1016 1227 1056 1261 aut
1066 1221 1135 1261 volun·

156 1279 203 1318 tate
218 1275 359 1318 incolentium
374 1280 411 1315 aut
425 1274 492 1316 umis
506 1274 638 1325 occupavit.
654 1274 751 1316 tabulam
765 1276 838 1315 autem
852 1274 920 1315 talem
933 1274 1042 1316 duxeram
1058 1287 1086 1315 ex
1095 1274 1136 1328 pei·

156 1331 199 1372 lice
216 1341 241 1371 se
255 1334 278 1371 et
291 1330 374 1371 Perseo
389 1341 441 1381 rege
455 1331 527 1369 ortum
542 1327 652 1370 traditum
667 1327 803 1369 educandum
819 1328 921 1369 Cretensi
935 1329 1024 1370 cuidam
1041 1339 1102 1378 esse,
1115 1330 1135 1367 ui

155 1385 177 1425 ln
193 1384 246 1426 belli
262 1393 337 1433 tuus,
359 1383 419 1436 quod
433 1382 472 1424 iiie
487 1394 536 1423 cuna
549 1383 657 1424 Romanis
675 1385 773 1434 gereret,
794 1382 886 1433 aliquod
901 1383 964 1424 velot
976 1394 1055 1424 semen
1070 1385 1136 1435 regiae

156 1439 235 1492 stirpis
248 1441 354 1478 exstaret.
368 1437 505 1489 Adramyttei
520 1446 545 1476 se
559 1435 676 1478 educatum
691 1447 762 1489 usque
777 1436 804 1476 ad
820 1436 973 1478 duodecimum
987 1449 1072 1477 annum
1082 1439 1134 1478 aeto¹

156 1493 198 1541 tis,
218 1495 304 1545 patrem
324 1502 373 1531 eum
393 1500 444 1531 esse
458 1489 584 1532 credentem
600 1503 613 1531 a
627 1503 671 1543 quo
687 1489 830 1540 educaretur,
853 1493 952 1542 ignarum
967 1493 1059 1542 generis
1074 1492 1136 1532 luiso

156 1548 199 1588 sui.
215 1545 303 1585 adiecto
318 1543 399 1586 deinde
413 1556 451 1594 eo,
474 1556 522 1584 cum
537 1554 607 1596 prope
621 1545 648 1586 ad
665 1545 764 1585 ultimum
779 1545 839 1585 ultae
853 1543 918 1586 iluem
933 1548 1005 1596 esset,
1030 1547 1135 1586 detectam

156 1599 245 1640 tandem
259 1599 290 1639 ibi
305 1598 412 1650 originem
426 1609 495 1648 suam,
511 1596 626 1650 salsaeque
646 1598 710 1640 matri
730 1599 831 1640 libellum
846 1597 921 1640 datum
936 1601 1000 1652 signo
1017 1600 1094 1640 Persei
1107 1609 1135 1638 re·

157 1655 191 1706 gis
205 1655 327 1706 signatum,
349 1663 414 1705 quem
428 1654 471 1693 sibi
487 1651 597 1701 traderet,
613 1653 704 1694 eumad
719 1654 824 1706 puberem
839 1656 935 1696 aetatem
949 1655 1066 1703 venisset,
1081 1654 1134 1694 obte

156 1711 309 1759 stationesque
329 1706 419 1748 ultimas
438 1707 548 1756 adiectas,
573 1710 598 1746 ut
616 1718 652 1748 res
671 1707 693 1746 in
713 1706 801 1748 occuito
820 1706 848 1746 ad
864 1707 887 1746 id
901 1712 989 1760 tempus
1004 1712 1135 1748 servaretur.

156 1761 288 1814 pubescenti
306 1761 406 1802 libellum
425 1760 541 1809 traditum,
560 1761 582 1800 in
598 1760 728 1813 subrelicti
743 1760 787 1801 sibi
801 1760 846 1801 duo
860 1759 961 1803 thesauri
975 1773 987 1801 a
1003 1765 1070 1812 patre
1085 1761 1135 1801 dice·

156 1820 240 1857 rentur.
255 1821 300 1856 tum
314 1817 394 1856 scienti
409 1816 523 1856 mulierem
536 1813 648 1856 subditum
663 1825 687 1856 se
698 1825 756 1864 esse,
772 1825 846 1855 veram
856 1819 948 1868 stirpem
962 1817 1082 1866 ignoranti,
1096 1815 1135 1856 edi·

156 1869 217 1910 disse
237 1879 318 1922 genus,
340 1873 407 1922 atque
426 1871 572 1918 obtestatam,
596 1873 619 1909 ut
640 1871 703 1921 prius
722 1880 787 1920 quam
802 1873 902 1910 manaret
915 1869 945 1910 ad
957 1868 1085 1910 Eumenem
1098 1878 1136 1916 res,

156 1924 202 1975 regi
213 1923 296 1964 Perseo
311 1924 428 1972 inimicum,
444 1923 562 1964 excederet
576 1922 603 1962 iis
617 1923 681 1972 locis,
697 1934 725 1963 ne
740 1922 908 1964 interficeretur.
925 1933 987 1964 cose
999 1925 1135 1970 exterritum,

155 1977 220 2018 simul
235 1980 361 2029 sperantem
375 1977 468 2029 aliquod
481 1989 495 2016 a
509 1977 624 2018 Demetrio
639 1976 759 2027 auxilium,
780 1979 801 2018 in
816 1976 903 2028 Syriam
917 1988 941 2018 se
957 1977 1095 2028 contulisse,
1107 1980 1135 2016 at·

156 2042 200 2082 que
215 2031 246 2072 ibi
259 2032 361 2082 primum,
377 2033 427 2084 quis
442 2034 508 2082 esset,
524 2030 597 2082 palam
612 2041 743 2082 expromere
757 2041 844 2073 ausum.

209 2085 234 2126 [ι.
253 2085 380 2134 Thessalia,
403 2097 451 2125 curn
472 2088 494 2124 et
513 2083 574 2125 iilam
589 2085 695 2126 invadere
709 2085 777 2126 umis
791 2087 859 2136 atque
874 2096 984 2137 occupare
999 2085 1136 2140 Pseudoplii

155 2137 231 2190 lippus
246 2139 326 2186 veliet,
346 2150 387 2190 per
402 2139 488 2189 legatos
501 2137 648 2179 Romanorum
662 2139 752 2180 auxiliis
767 2137 903 2180 Achaeorum
918 2139 1011 2181 detensa
1026 2145 1072 2184 est.
1089 2141 1136 2181 Pru·

155 2191 201 2230 sias
215 2201 255 2230 rer
271 2190 400 2243 Bithyniae,
416 2193 511 2232 omnium
526 2188 699 2233 humillimorum
713 2193 829 2243 vitiorum,
849 2205 863 2232 a
876 2194 1000 2234 Nicomede
1015 2193 1064 2234 filio
1080 2193 1137 2235 adlir·

155 2247 221 2284 vante
236 2243 311 2304 Attalo
326 2253 377 2295 rege
392 2246 492 2297 Pergami
508 2245 595 2287 occisus
610 2253 652 2291 est.
673 2246 769 2288 babebat
783 2246 851 2288 alium
865 2248 945 2298 fllium,
962 2247 1001 2300 qui
1016 2258 1061 2300 pro
1076 2259 1138 2301 supe-

153 2299 212 2338 riore
232 2297 309 2338 ordine
328 2298 425 2339 dentium
439 2302 527 2339 enatum
542 2297 647 2341 babuisse
668 2313 733 2343 unum
748 2312 773 2342 os
788 2302 904 2342 continens
918 2302 1007 2346 dicitur.
1028 2314 1081 2343 cum
1097 2307 1140 2343 tres

155 2352 240 2403 legatos
255 2351 283 2391 ad
299 2363 375 2404 pacem
390 2354 447 2394 iuter
460 2352 604 2395 Nicomedem
619 2358 641 2394 et
655 2355 755 2397 Prusiam
770 2355 893 2397 taciendam
908 2356 1000 2398 Romani
1016 2357 1136 2404 misissent,

154 2408 178 2445 et
193 2415 249 2446 unus
264 2417 293 2446 ex
307 2407 335 2446 iis
349 2407 426 2448 multis
440 2408 582 2449 cicatricibus
591 2419 692 2461 sparsum
705 2413 771 2463 caput
780 2409 879 2459 baberet,
895 2411 953 2452 alter
963 2410 1064 2463 pedibus
1074 2419 1137 2463 aeger

154 2463 222 2514 esset,
237 2460 317 2501 tertius
331 2461 418 2514 iugenio
432 2471 507 2502 secors
521 2461 648 2512 baberetur,
664 2463 720 2504 dixit
735 2463 789 2505 Cato
804 2475 852 2504 eam
867 2464 999 2516 legationem
1015 2476 1058 2504 nec
1074 2467 1139 2517 caput

153 2525 195 2554 nec
209 2512 279 2567 pedes
294 2526 334 2554 nec
347 2526 386 2556 cor
400 2513 487 2556 babere.
508 2516 530 2556 in
544 2515 621 2568 Syria,
642 2528 700 2569 quae
716 2529 742 2558 eo
757 2520 859 2570 tempore
871 2519 943 2571 stirpe
957 2519 1047 2568 generis
1063 2529 1138 2571 parem

153 2568 200 2620 regi
215 2567 368 2619 Macedonum,
383 2571 462 2610 inertia
475 2570 621 2622 socordiaque
634 2571 729 2612 similem
745 2572 836 2613 Prusiae
846 2583 919 2624 regem
929 2572 1034 2621 habebat,
1051 2573 1137 2612 iacente

153 2633 180 2661 eo
195 2621 217 2662 ln
232 2634 303 2673 ganea
322 2627 345 2665 et
362 2623 440 2665 lustris
455 2626 582 2666 Ammonius
596 2626 713 2678 regnabat,
733 2637 773 2677 per
789 2637 854 2679 quem
868 2630 890 2667 et
905 2627 968 2667 amici
985 2637 1064 2668 amires
1079 2627 1138 2678 regis

153 2679 176 2716 et
191 2676 286 2718 Laodice
305 2678 381 2730 regina
399 2680 423 2718 et
442 2678 565 2730 Antigonus
578 2678 686 2720 Demetrii
705 2679 764 2720 tilius
784 2682 859 2724 occisi.
879 2680 1000 2721 Masinissa
1017 2680 1138 2720 Numidiae

152 2741 192 2770 rex
207 2732 276 2771 maior
290 2733 410 2784 nonaginta
423 2733 487 2772 annis
501 2731 606 2783 decessit,
621 2734 656 2774 uir
668 2735 769 2786 insignis.
785 2736 843 2775 luter
857 2737 931 2775 cetera
940 2745 1009 2788 opera
1020 2734 1135 2782 iuvenilia,

153 2795 210 2835 quae
224 2785 253 2824 ad
269 2784 368 2826 ultimum
383 2785 460 2834 edidit,
475 2785 531 2827 adeo
547 2787 613 2828 etiarn
627 2797 705 2828 versus
720 2790 743 2828 in
756 2791 868 2830 senectam
884 2789 961 2838 riguit,
977 2791 1003 2828 ut
1017 2791 1072 2841 post
1087 2799 1135 2829 sex·
1182 2811 1183 2834 3

153 2841 198 2877 tom
213 2842 237 2878 et
250 2840 408 2891 octogesimum
422 2851 502 2881 annum
517 2839 585 2880 lilium
599 2843 709 2892 genuerit.
725 2843 783 2884 inter
793 2845 840 2883 tres
850 2841 933 2883 liberos
943 2844 998 2892 eius,
1015 2843 1137 2884 maximum
1182 2839 1183 2870 ἓ

152 2895 205 2931 natu
220 2892 344 2944 Micipsam,
360 2892 487 2944 Gulussam,
502 2894 683 2945 Mastanabaiem
699 2897 737 2948 qui
753 2899 818 2938 etiem
833 2896 925 2938 Graecis
939 2896 1024 2938 litteris
1035 2897 1135 2937 eruditus

152 2947 213 2993 erat,
233 2945 258 2986 P.
274 2945 351 2999 Scipio
366 2948 514 2998 Aemilianus,
536 2959 585 2990 cum
605 2959 719 2990 commune
735 2951 767 2992 eis
783 2953 846 3003 pater
860 2961 951 3006 reguum
966 2949 1100 3003 reliquisset
1114 2955 1134 2990 et
1182 2973 1183 2976 =

151 2999 253 3039 dividere
272 3011 312 3040 eos
330 3002 413 3042 arbitro
432 3000 537 3056 Scipione
558 3003 672 3054 iussimet,
694 3009 771 3056 partes
785 3003 954 3046 administrandi
970 3007 1033 3056 regni
1049 3004 1134 3046 divisit.

151 3053 204 3094 item
219 3051 342 3096 Phamaeae
356 3054 481 3106 Himilconi,
497 3056 611 3108 praelecto
625 3059 724 3111 equiturn
740 3057 962 3112 Carthaginiensium,
978 3062 1027 3101 viro
1043 3059 1097 3100 lorti
1113 3061 1138 3098 et

151 3107 214 3147 cuius
228 3109 346 3161 praecipua
361 3121 428 3162 opera
442 3110 512 3152 Poeni
527 3111 651 3160 utebantur,
668 3113 785 3163 persuasit,
801 3115 826 3153 ut
840 3112 867 3152 ad
878 3113 991 3154 Romanos
1006 3125 1055 3154 cum
1071 3113 1133 3164 equi·

151 3163 199 3201 tatu
213 3171 254 3202 suo
268 3164 382 3208 transiret.
399 3175 427 3206 ex
442 3165 513 3205 tribus
527 3165 614 3218 legatis,
630 3166 667 3218 qui
682 3166 711 3207 ad
723 3166 862 3208 Masinissam
873 3157 939 3207 'scissi
955 3167 1051 3216 luerunt,
1067 3166 1134 3210 Clau·

152 3214 202 3256 dius
212 3216 333 3258 Marcellus
347 3221 422 3259 coorta
436 3221 570 3272 tempestate
583 3219 686 3260 fluctibus
700 3221 793 3261 obrutus
808 3221 851 3263 est.
867 3219 1064 3272 Carthaginienses
1077 3220 1133 3260 llas·

151 3269 276 3320 drubalem,
296 3271 428 3313 Masinissae
442 3274 557 3324 nepotem,
577 3284 642 3324 quern
657 3276 780 3327 praetorem
796 3272 916 3324 habebant,
932 3273 1041 3314 hominem
1057 3273 1133 3327 prodi·

150 3324 219 3364 tionis
236 3326 365 3378 suspectum
385 3329 407 3364 in
427 3328 487 3366 curia
508 3326 648 3376 occiderunti
670 3338 728 3380 quae
746 3331 844 3381 suspicio
859 3328 912 3370 inde
926 3329 1050 3377 emanavit,
1071 3325 1136 3380 quod·

150 3379 292 3428 propinquus
309 3381 371 3418 esset
385 3379 495 3420 Gulussae
513 3378 626 3420 Romanos
639 3381 722 3422 auxilio
737 3383 841 3422 iurantis.
860 3383 886 3426 P.
902 3381 979 3436 Scipio
994 3382 1136 3424 Aemilianus

151 3440 199 3468 cum
214 3430 350 3471 aedilitatem
365 3435 463 3483 peteret,
479 3433 557 3473 consul
571 3444 584 3472 a
599 3432 682 3484 populo
698 3434 778 3485 dictus,
794 3438 895 3488 quoniam
911 3447 951 3488 per
966 3447 1036 3478 annos
1050 3446 1132 3476 consu·

151 3481 194 3522 lem
208 3483 256 3524 lieri
270 3495 313 3524 non
328 3485 417 3535 licebat,
433 3495 483 3526 curu
497 3495 576 3538 magno
590 3489 708 3528 certamine
722 3489 863 3541 suffragantis
877 3489 957 3542 plebia,
973 3493 995 3530 et
1006 3499 1137 3545 repugnan-
