2364 3862
208 205 320 267 LIBER
334 205 436 268 xtlll.
461 205 543 266 cap.
555 213 597 269 16.
611 211 654 270 17.
677 213 713 281 [a.
727 212 759 264 c.
770 211 832 279 teo]
946 205 1008 269 203

54 359 170 439 quadiu
188 359 280 418 multa
300 358 544 434 pignoribusque
564 358 646 430 eius,
669 359 722 435 qui
735 358 890 420 tribunum
903 365 1009 436 appel·

54 449 138 517 lassel,
149 441 357 504 intercessioni
369 455 430 502 non
443 442 590 516 parando,
602 457 638 502 se
649 442 679 502 in
692 443 831 506 ordinem
838 446 1009 519 coegissem

51 529 77 588 b.
90 526 203 586 claudio
224 527 304 584 diem
325 525 414 598 dixit,
437 525 521 599 quod
536 525 709 586 contionem
723 527 763 586 ab
778 542 813 587 se
827 537 1008 596 evocassem

51 610 194 685 elabique
208 609 331 670 censori
346 608 588 683 perduellionem
600 623 635 668 se
647 609 783 670 iudicare
793 611 1008 687 pronuntiavit,

52 695 173 768 diemque
196 691 327 753 comitiis
353 691 422 752 ac.
444 690 582 767 Sulpicio
608 701 750 767 praetore
773 694 892 755 urbano
912 693 1009 771 petiit.

53 793 100 838 ron
116 775 327 837 recusantibus
350 774 532 835 censoribus
558 773 611 850 qui
637 777 737 837 minus
762 777 861 852 primo
883 794 1009 854 quoquc

51 869 165 936 tempore
190 859 337 920 iudicium
365 860 404 920 de
420 875 455 920 se
480 859 614 934 populus
639 861 769 937 taceret,
794 859 826 921 in
851 872 921 922 ante
940 861 1009 923 dies

50 953 169 1014 octavum
183 953 212 1004 et
226 944 391 1018 septimum
401 941 469 1002 Kal.
483 942 630 1004 Octobres
646 945 776 1004 comitiis
788 943 1008 1019 perduellionis

49 1029 114 1088 dicta
126 1027 199 1088 dies.
222 1040 371 1089 censores
387 1027 542 1101 extemplo
557 1027 587 1086 in
601 1025 710 1088 atrimn
723 1027 885 1090 Libertatis
899 1044 1007 1090 escan-

49 1111 146 1186 derunt,
161 1110 249 1172 alibi
264 1111 392 1186 signatis
402 1109 522 1170 tabellis
532 1109 666 1185 publicis
677 1112 847 1187 clausoque
858 1111 1008 1174 tabulario
1066 1183 1071 1192 Ι

48 1203 71 1255 et
88 1195 213 1256 dimissis
237 1196 338 1254 servis
360 1193 491 1270 publicis
513 1200 663 1270 negarunt
683 1210 719 1255 sa
739 1194 825 1269 prius
843 1195 1008 1271 quicquam

47 1277 142 1353 publici
160 1277 277 1354 negotii
290 1284 449 1353 gesturos,
471 1291 564 1353 quam
577 1275 723 1338 iudicium
738 1279 846 1353 populi
860 1279 900 1340 de
915 1294 950 1339 se
964 1280 1008 1338 la·

47 1369 111 1422 ctum
125 1370 214 1424 esset.
227 1435 231 1442 Ι
235 1359 323 1440 prior
339 1359 483 1421 Claudius
499 1375 625 1422 causam
640 1359 734 1430 dixit;
750 1370 863 1422 etcum
876 1377 916 1421 ex
931 1362 1008 1422 duo·

47 1445 128 1505 decim
147 1445 294 1506 centuriis
316 1446 452 1520 equitum
474 1452 543 1505 octo
566 1458 728 1506 censorem
750 1446 1009 1506 condemnassent

14 1583 15 1586 ,
47 1525 200 1606 nubeque
215 1529 296 1590 aliae
311 1530 427 1604 primae
443 1528 570 1600 classis,
592 1532 747 1604 extemplo
762 1530 919 1605 principes
934 1529 1007 1590 civi·

46 1613 101 1672 tatis
119 1613 147 1672 in
167 1621 341 1688 conspectu
366 1611 474 1688 populi
495 1612 615 1672 annulis
637 1613 738 1673 aureis
758 1611 869 1689 positis
889 1621 1008 1673 vestem

14 1731 15 1770 ,
46 1703 184 1772 muniunt,
195 1705 231 1757 ut
244 1696 402 1773 supplices
413 1695 534 1771 plebem
546 1693 748 1755 circumirent.
763 1696 896 1754 maxime
906 1704 1008 1755 tamen

14 1839 15 1842 ,
46 1780 203 1841 sententiam
224 1781 358 1842 vertisse
380 1779 490 1838 dicitur
502 1778 546 1838 li.
564 1777 736 1851 Gracchus,
762 1779 847 1853 quod
862 1793 932 1840 eum
946 1780 1008 1838 cia·

13 1895 15 1920 t
46 1877 98 1923 nor
114 1866 251 1941 undique
271 1864 370 1938 plebis
382 1871 477 1922 -esset
497 1861 666 1939 perieulum
687 1861 825 1922 Graccho
847 1877 909 1922 non
926 1876 1008 1935 esse,

13 1947 14 1982 ³
46 1948 181 2023 conceptis
198 1948 303 2008 verbis
318 1946 442 2020 iurant,
464 1946 491 2006 si
513 1946 633 2019 collega
648 1945 809 2006 damnatus
824 1950 924 2018 esset,
945 1960 1005 2005 non

13 2033 15 2108 l
46 2038 203 2106 exspectato
233 2032 272 2091 de
298 2045 334 2090 se
356 2029 475 2090 iudicio
493 2028 634 2089 comitem
655 2028 756 2088 exsilii
777 2028 843 2089 eius
865 2029 1005 2088 loturum.

13 2115 14 2184 ζ
45 2113 106 2175 adeo
121 2123 221 2176 amon
238 2115 278 2174 ad
293 2121 462 2174 extremum
482 2112 549 2187 spei
562 2111 647 2173 venit
659 2127 747 2185 reus,
767 2120 802 2173 ut
816 2118 887 2174 octo
903 2120 1005 2172 centu*

13 2201 14 2204 ’
45 2195 94 2256 riae
106 2199 142 2258 ad
156 2197 384 2260 damnationem
398 2193 557 2256 defuerint.
573 2195 716 2258 absoluto
729 2197 857 2257 claudio
867 2197 1007 2257 tribunus

46 2279 126 2352 plebis
139 2284 265 2358 negavit
278 2295 314 2340 se
329 2279 500 2342 Gracchum
513 2278 636 2339 morari.

110 2366 200 2426 XVll.
224 2367 269 2426 llo
292 2379 373 2425 anno
388 2363 615 2438 postulantibus
630 2363 873 2439 Aquileiensium
888 2363 1006 2438 legatia,

45 2453 70 2505 ut
89 2465 242 2512 numerum
272 2450 451 2509 colonorum
476 2455 637 2522 augerent,
663 2447 745 2506 mille
769 2454 801 2506 et
819 2445 1006 2520 quingentae

44 2529 155 2592 familiae
167 2549 208 2593 ex
220 2539 346 2592 senatus
358 2533 498 2593 consulto
511 2529 653 2606 scriptae,
667 2529 877 2604 triumvirique
889 2529 942 2602 qui
952 2543 1006 2586 eas

13 2655 14 2660 η
45 2610 215 2677 deducerent
228 2615 316 2676 missi
330 2623 401 2676 sunt
411 2613 444 2674 Τ.
457 2615 575 2674 Annius
589 2614 710 2672 Luscus
720 2613 753 2673 Ρ.
764 2613 878 2672 Decius
890 2609 1006 2671 Subulo
1108 2643 1112 2652 ·

44 2692 74 2753 lt.
92 2699 244 2761 Cornelius
266 2700 428 2774 Cethegus.
461 2699 570 2758 eodem
591 2712 672 2756 anno
694 2695 725 2755 Ο.
744 2694 893 2769 Popillius
909 2701 940 2754 et
954 2692 1006 2753 cn.

45 2775 167 2844 Octavius
180 2783 281 2860 legati,
299 2781 351 2858 qui
366 2783 396 2841 in
410 2778 568 2841 Graeciam
583 2780 670 2840 missi
684 2787 779 2851 erant,
794 2785 921 2838 senatus
934 2791 1006 2838 eon·

45 2865 138 2926 saltum
156 2867 271 2927 Thebis
292 2867 422 2941 primum
436 2863 594 2924 recitatum
609 2879 665 2939 per
680 2879 787 2923 omnes
801 2861 1007 2937 Peloponnesi

45 2947 119 3009 urbes
135 2951 392 3021 circumtulerunt,
415 2963 454 3008 ne
470 2949 537 3021 quis
553 2949 644 3007 ullam
658 2962 723 3007 rem
737 2945 770 3006 in
783 2945 897 3006 bellum
912 2943 1007 3020 magi·

45 3031 170 3094 suatibus
191 3034 340 3094 Romanis
364 3033 516 3094 conterret
534 3027 750 3107 praeterquam
772 3031 858 3105 quod
877 3038 1005 3090 senatus

45 3117 206 3179 censuisset.
227 3117 287 3178 hoc
301 3116 445 3177 fiduciam
459 3113 490 3174 in
505 3121 663 3189 posterum
676 3129 802 3190 quoque
813 3115 1007 3190 praebuerat,

45 3193 144 3260 levatos
160 3217 195 3261 se
210 3202 419 3276 oneribusque
433 3198 654 3274 impensisque,
671 3199 784 3274 quibus
796 3197 855 3258 alia
869 3198 937 3258 aliis
952 3196 1005 3256 im-

46 3284 203 3349 perantibus
215 3285 481 3347 exhauriebantur.
496 3283 634 3343 alchaico
647 3281 875 3355 conciliergii
885 3281 922 3339 iis
934 3279 1005 3338 dato

45 3358 157 3440 benigne
170 3368 264 3430 locuti
280 3368 445 3444 auditique,
461 3367 585 3442 egregia
599 3381 657 3441 spe
672 3366 763 3426 iuturi
778 3369 876 3425 status
891 3360 1004 3421 fidissi-

47 3458 85 3504 ma
105 3459 190 3525 gente
214 3454 334 3526 relicta,
360 3454 390 3511 in
406 3452 557 3512 Aetoliam
583 3450 776 3511 traiecerunt.
805 3446 847 3506 ibi
868 3445 1005 3504 nondum
