2364 3862
176 248 238 315 aaa
341 246 558 310 urauaxuu.
574 248 656 309 car.
671 255 770 312 eaeo.
787 253 870 322 [au.
887 252 982 320 aar]
1172 255 1174 356 t

175 417 281 465 menes
297 416 352 461 rex
366 401 550 477 Attalusque
564 417 633 462 cum
648 401 730 462 omni
744 419 836 463 manu
851 419 909 463 sua
924 402 961 462 ab
976 410 1056 476 tergo
1070 401 1132 463 inter

177 495 362 563 postremam
378 486 473 546 aciem
490 501 526 545 ae
542 485 653 545 vallum
668 491 824 547 steterunt.

257 569 332 631 LiX.
354 569 387 628 Iu
408 568 492 629 huno
509 569 632 630 modum
648 569 778 630 maxime
793 569 957 630 instructae
973 569 1066 641 aeies,
1088 584 1132 643 par

177 655 270 715 terme
283 652 437 728 utrimque
451 668 596 714 numerus
612 653 747 728 equitum
761 669 798 714 ac
810 652 886 714 levis
898 659 1064 714 marmurae
1074 667 1130 712 con·
1172 689 1174 734 Ι

175 733 535 800 curruutafuuditoribus
543 734 833 813 iaculatoribusque,
846 735 898 813 qui
906 742 1130 812 praeeessemnt,
1172 747 1174 802 t

176 823 293 899 proelio
315 827 393 881 orto.
423 820 509 895 primi
531 820 664 881 omnium
683 820 833 895 Thraces,
854 819 938 882 haud
952 835 1042 880 secus
1057 835 1130 894 quam

175 908 228 967 diu
243 905 385 964 claustris
401 911 537 965 retentae
552 906 650 977 serae,
666 905 706 964 ita
721 897 863 966 concitati
878 919 948 964 cum
962 903 1071 978 ingenti
1084 903 1129 961 ola·

174 1004 259 1049 more
274 990 304 1047 iu
318 988 457 1048 dextrum
473 1003 583 1063 cornu,
598 989 719 1049 italicos
735 986 865 1062 equites,
887 986 1088 1058 incurrerunt,
1108 991 1131 1044 ut

175 1090 234 1135 usu
251 1072 323 1132 beili
345 1079 375 1132 et
395 1070 518 1148 ingenio
539 1071 693 1147 impavida
712 1087 788 1147 gens
808 1072 980 1132 turbaretur
995 1067 1028 1110 **
1041 1069 1129 1145 gladiis

174 1157 279 1218 hastas
296 1161 400 1232 petere
411 1155 531 1232 pedites
544 1155 576 1194 *¹
588 1172 669 1217 nune
680 1155 842 1216 succidere
855 1171 943 1217 crura
955 1155 1053 1230 equis,
1067 1166 1130 1212 nunc

174 1241 225 1302 itia
245 1240 411 1301 suffodere.
433 1240 564 1300 Perseus
585 1240 615 1298 in
635 1239 765 1299 mediam
787 1240 924 1300 invectus
945 1239 1043 1299 aciem
1058 1237 1130 1297 Grae

174 1341 229 1385 cos
252 1324 350 1398 primo
371 1322 487 1399 impetu
508 1322 630 1395 avertit,
658 1323 769 1399 quibus
791 1340 859 1382 cum
879 1323 984 1398 gravis
1006 1321 1042 1381 ab
1063 1328 1129 1393 tergo

174 1407 300 1468 instaret
313 1405 420 1480 hostis,
441 1407 658 1467 Thessalorum
672 1406 835 1482 equitatus,
851 1405 904 1481 qui
918 1423 937 1465 a
952 1407 1040 1466 laevo
1055 1417 1131 1465 cornu

172 1491 258 1550 brevi
274 1490 374 1563 spatio
387 1488 539 1550 diiunctus
551 1490 581 1549 in
594 1491 740 1552 subsidiis
753 1492 851 1551 iuerat
859 1499 945 1550 extra
958 1501 1130 1556 concursum,

173 1574 270 1650 primo
293 1578 448 1647 spectator
468 1573 656 1648 certaminis,
677 1574 788 1634 deinde
809 1574 950 1634 inclinata
971 1589 1005 1633 re
1019 1571 1131 1632 maximo

173 1657 242 1718 usui
259 1657 322 1717 tuit.
341 1657 486 1722 cedentes
501 1657 582 1720 enirn
597 1657 711 1718 sensim
726 1657 851 1733 integris
868 1657 1043 1729 ordinibus,
1063 1659 1130 1730 post-

173 1758 264 1817 quam
285 1757 320 1801 se
334 1740 479 1801 Eumenis
499 1741 620 1802 auxiliis
634 1741 853 1816 adiunxerant,
873 1749 989 1802 etcum
1003 1756 1040 1801 eo
1054 1745 1131 1800 tutan

173 1826 249 1886 inter
264 1826 388 1887 ordines
404 1840 479 1886 suos
494 1831 650 1901 receptum
665 1826 758 1887 sociis
775 1827 847 1902 iuga
859 1825 1016 1900 dissipatis
1030 1821 1131 1889 dabant

172 1917 202 1970 et
223 1926 292 1970 oum
313 1910 413 1970 minus
434 1908 563 1970 conserti
583 1909 690 1970 hostes
711 1909 874 1979 instarent,
901 1906 1046 1984 progredi
1060 1904 1132 1966 etiam

173 1993 240 2053 ausi
272 1995 384 2054 multos
418 1993 595 2068 fugientium
621 1993 731 2055 obvios
758 2001 957 2069 exceperunt.
987 2007 1043 2052 nec
1066 1985 1132 2062 regii,
1167 2067 1168 2070 Ἴ

172 2078 273 2152 sparsi
288 2077 347 2136 iam
361 2077 420 2151 ipsi
435 2078 551 2151 passim
567 2075 742 2151 sequendo,
769 2092 836 2137 cum
859 2077 1008 2139 ordinatis
1023 2080 1051 2136 et
1065 2077 1132 2133 certo

172 2159 383 2219 incedentibus
395 2159 494 2232 gradu
504 2175 611 2220 manus
622 2174 787 2221 conserere
798 2160 962 2221 audebant.
975 2176 1043 2220 cum
1055 2155 1133 2217 victor

170 2240 309 2317 equestri
324 2242 441 2316 proelio
457 2258 521 2317 rex,
537 2259 634 2318 parvo
646 2251 799 2304 momento
812 2243 839 2303 si
851 2243 1031 2314 adiuvisset,
1047 2238 1132 2302 debei-

172 2325 313 2398 iavisset,
339 2332 513 2400 opportune
539 2327 578 2386 ad
602 2326 786 2388 hortandum
806 2327 986 2403 supervenit
1008 2325 1133 2402 phalanx,

172 2425 264 2484 quam
279 2425 336 2468 sua
351 2417 470 2485 sponte,
487 2427 526 2470 ne
541 2411 650 2471 audaci
665 2419 775 2487 coepto
791 2410 953 2484 deessent,
975 2409 1098 2486 Hippias
1112 2409 1135 2464 ct

169 2493 345 2554 Leonnatus
369 2494 477 2569 raptim
503 2495 709 2568 adduxerant,
736 2501 899 2570 postquam
920 2509 1070 2571 prospere
1089 2505 1133 2565 pu·

170 2592 284 2662 guasse
305 2578 439 2654 equitem
459 2585 653 2654 acceperunt.
683 2579 849 2640 ssrrctuante
868 2594 943 2653 rege
962 2580 1042 2639 inter
1060 2588 1134 2650 spem

169 2668 343 2738 metumque
364 2669 465 2724 tantae
486 2663 530 2722 rei
551 2664 710 2723 conandae
733 2662 886 2724 cretensis
900 2663 1060 2733 Euander,
1085 2671 1134 2732 qut

169 2745 307 2806 ministro
328 2743 454 2820 Delphis
481 2746 521 2805 ad
545 2745 673 2806 insidias
694 2744 838 2807 Eumenis
863 2747 946 2822 regis
972 2762 1049 2806 usus
1074 2745 1134 2810 eat

170 2833 335 2902 postquam
349 2843 458 2902 agmen
475 2828 608 2903 peditum
624 2830 808 2890 venientium
823 2831 882 2890 sub
897 2830 994 2905 signis
1011 2828 1090 2898 vidit,
1104 2822 1134 2882 ad

169 2924 272 2983 regem
287 2912 427 2985 accurrit,
442 2917 472 2970 et
486 2926 611 2970 monere
623 2912 735 2987 institit,
751 2929 790 2972 ne
802 2915 899 2975 elatus
912 2914 1055 2974 felicitate
1065 2923 1134 2970 sum·

168 3007 249 3052 mam
269 3008 368 3052 rerum
388 3001 502 3055 temere
524 2995 554 3053 in
576 3013 637 3056 non
657 2997 975 3058 necessariamaleam
997 2999 1095 3057 daret:
1114 2987 1134 3049 si

169 3081 330 3135 contentus
350 3076 429 3136 bene
444 3093 476 3136 rc
491 3087 579 3152 gesta
594 3081 731 3154 quiesset
745 3097 783 3141 eo
798 3081 862 3154 die,
886 3083 935 3140 vei
951 3081 1038 3156 pacis
1053 3078 1133 3138 hone·

169 3167 235 3220 stae
256 3157 461 3221 conditionem
483 3161 668 3238 habiturum,
690 3165 739 3225 vel
760 3165 909 3240 plurimos
934 3165 1006 3224 beili
1033 3161 1133 3226 socios,
1169 3153 1172 3226 ¹

169 3243 221 3318 qui
243 3244 392 3303 fortunam
414 3254 625 3321 sequerentur,
647 3247 673 3308 si
688 3249 803 3309 battare
817 3248 928 3308 mallet.
952 3246 982 3308 in
999 3247 1058 3308 hoc
1073 3257 1134 3304 eor·

162 3325 271 3387 silium
286 3329 410 3402 pronior
425 3336 490 3390 erat
503 3331 622 3391 animus
637 3332 730 3407 regis.
744 3333 846 3408 itaque
858 3333 1034 3393 collaudato
1046 3329 1133 3388 Euan·
1169 3325 1171 3390 i

169 3410 224 3470 dro
241 3411 329 3486 sigua
342 3411 447 3472 reterri
461 3414 656 3491 peditumque
667 3431 775 3490 agmen
787 3415 887 3476 redire
899 3412 1044 3476 in'castra
1054 3411 1133 3478 iubet,

169 3493 322 3568 equitibus
337 3498 472 3571 receptui
488 3513 607 3562 cauere.
1170 3525 1171 3536 ³
