2424 3872
157 186 277 246 LIBER
291 185 423 246 XXXIX.
448 188 531 248 CAP.
545 187 571 252 7·
582 197 610 252 8.
632 190 669 267 [ι.
681 194 714 251 c.
726 199 786 256 186.
801 211 827 252 ι.
839 197 874 252 U.
887 216 911 254 c.
923 196 986 274 566]
1042 193 1062 258 7

78 336 167 397 facile
181 341 352 410 appareret
364 335 397 394 in
412 335 523 396 ducem
537 337 744 414 indulgentem
759 340 1015 421 ambitiosumque
1026 361 1065 407 ea

76 417 144 494 dici,
160 417 353 493 triumphum
369 433 441 479 esse
454 419 573 482 militari
587 422 686 498 magis
700 425 808 486 lavore
818 442 911 501 quam
922 428 1064 504 populari

75 503 244 564 celebrem.
278 501 338 562 sed
354 502 398 563 ad
416 503 525 580 populi
547 522 673 583 quoque
692 507 821 583 cratium
841 511 1065 574 conciliandam

74 585 168 646 manici
180 585 290 646 Manlii
303 586 480 658 valueruna
493 589 615 664 ‘quibus
628 591 835 654 adnitentibus
850 602 977 656 senum
991 612 1063 658 con·

13 731 17 740 ,
75 673 192 731 sultum
205 671 323 730 tactum
337 676 396 744 est,
413 679 446 731 ut
459 687 499 732 ex
513 675 646 748 pecunia
659 690 739 752 quae
752 675 784 736 in
798 676 952 754 uiampno
967 687 1064 742 uam·

75 756 138 816 lata
149 760 248 826 esset,
254 753 443 829 stipendium
452 757 595 818 collatum
606 774 626 818 a
634 759 751 836 populo
763 759 795 820 in
806 761 972 837 publicum,
981 763 1065 839 quod

77 838 143 900 eius
157 838 298 898 solutum
312 844 404 899 antea
418 854 480 900 non
493 848 588 916 esset,
602 843 782 906 solveretur.
809 844 938 907 vicenos
953 847 1065 922 quinos

77 929 108 982 et
127 922 284 984 semisses
304 920 336 981 in
349 921 434 984 arilia
454 926 534 985 aeris
556 933 738 1000 quaestores
752 927 860 989 urbani
875 945 944 990 cum
959 929 1022 992 lide
1036 939 1066 991 et

76 1021 153 1066 crura
165 1005 339 1067 solverunt.

160 1089 221 1150 Per
238 1089 323 1149 idem
343 1094 463 1166 tempus
478 1090 590 1154 tribuni
603 1094 729 1156 mltum
744 1096 806 1158 duo
822 1112 862 1157 ex
877 1095 998 1158 duabus
1012 1098 1064 1158 Hi·

79 1173 197 1248 spaniis
213 1187 286 1232 curn
299 1173 408 1236 litteris
424 1175 455 1236 Ο.
470 1176 564 1237 Atinii
579 1183 610 1238 el
620 1178 656 1238 L.
670 1178 784 1250 illanlii,
804 1181 858 1255 qui
871 1194 926 1241 cas
940 1181 1064 1255 provin·

82 1255 146 1316 cias
160 1255 349 1330 obtinebant,
365 1268 523 1322 venerunt.
544 1275 587 1318 ex
599 1261 637 1322 iis
652 1262 759 1323 litteris
775 1261 928 1338 cognitum
939 1270 988 1324 est
1000 1263 1065 1323 cel-

83 1339 195 1401 tiberos
214 1340 447 1419 Lusitanosque
471 1343 503 1404 in
524 1343 617 1406 armis
642 1361 714 1406 esse
734 1353 766 1408 et
790 1345 947 1408 sociorum
972 1361 1064 1423 agros

80 1425 233 1500 populari.
260 1425 302 1483 de
324 1441 362 1486 ee
381 1442 416 1487 re
439 1429 693 1490 consultationem
713 1431 861 1506 integram
882 1437 1008 1492 senatus
1024 1431 1064 1491 ad

81 1523 180 1569 novos
194 1508 395 1583 magistratus
409 1510 524 1573 reiecit.

162 1590 259 1662 Ludis
274 1592 422 1654 Romanis
437 1611 474 1656 eo
491 1611 581 1670 anno,
596 1611 676 1670 quos
690 1597 722 1657 P.
737 1597 897 1660 cornelius
913 1597 1064 1673 Cethegus

82 1673 310 1737 arestonius
325 1678 456 1740 Albinus
472 1680 639 1752 iaciebant,
657 1682 755 1742 malus
769 1683 801 1741 in
815 1681 898 1743 circo
913 1681 1064 1741 instabilis

83 1758 112 1817 in
125 1759 247 1834 signam
259 1759 427 1822 Pollentiae
438 1763 570 1837 procidit
583 1772 674 1838 alque
684 1763 717 1824 id
727 1765 847 1826 deiecit.
869 1763 1065 1838 careligione

85 1843 156 1904 moti
174 1849 282 1919 patres
298 1850 329 1904 et
342 1844 425 1906 dian
443 1863 540 1908 unum
561 1846 755 1907 adiciendum
771 1847 914 1908 ludorum
926 1847 1065 1924 [celebri-

83 1927 144 2005 tati]
160 1937 365 2004 censuerunt,
385 1936 418 1990 ct
432 1931 523 2006 signa
538 1931 599 1991 duo
615 1946 671 2005 pro
686 1946 748 1991 uno
763 1930 952 2004 reponenda,
966 1938 998 1989 ct
1011 1944 1065 1990 no-

81 2026 152 2070 vum
172 2018 312 2073 varmum
333 2013 516 2075 iaciendum.
546 2022 578 2075 et
596 2012 708 2087 plebeii
727 2014 792 2075 ludi
812 2013 851 2073 ab
865 2012 1017 2074 aedilibus
1033 2012 1065 2073 0.

84 2091 267 2170 Sempronio
281 2096 394 2159 Blaeso
414 2105 445 2159 et
458 2097 498 2158 M
513 2097 604 2159 Furio
618 2097 720 2159 Lusco
743 2097 824 2158 diem
843 2113 938 2159 unum
951 2097 1065 2158 instau-

82 2179 137 2238 rati
151 2186 233 2238 sunl„

165 2263 246 2322 Vlli
267 2263 439 2340 Insequens
460 2282 558 2326 annus
574 2263 1019 2341 Sp.1>eaormiumn1binumet
1030 2263 1065 2337 Q·

82 2343 229 2406 Marcium
241 2345 417 2423 Philippum
437 2350 583 2411 consules
604 2349 643 2409 ab
656 2350 793 2410 exercitu
807 2348 1020 2422 bellorumque
1035 2354 1066 2407 et

83 2427 310 2504 provinciarum
330 2447 405 2493 cura
426 2433 468 2494 ad
487 2432 648 2493 intestinae
666 2430 886 2495 coniurationis
900 2429 1066 2491 vindictam

83 2513 199 2574 avertit.
230 2522 390 2590 praetores
405 2517 581 2591 provincias
594 2516 693 2577 sortiti
706 2522 793 2590 sunt,
814 2516 846 2575 T.
861 2514 1000 2575 Maenius
1014 2529 1065 2574 ur-

83 2594 209 2672 banam,
224 2597 266 2658 nl.
280 2599 415 2661 Licinius
429 2601 575 2662 Lucullus
589 2600 666 2661 inter
679 2600 764 2660 cives
780 2607 811 2658 el
825 2595 1018 2674 peregrinos,
1033 2594 1065 2656 c.

83 2681 225 2744 Aurelius
240 2681 380 2746 Saeuus
396 2669 583 2757 Sardiniam,
597 2682 630 2742 P.
647 2683 804 2743 Cornelius
820 2680 907 2741 Sulla
921 2678 1065 2755 Siciliam,

83 2762 114 2824 L.
128 2764 291 2839 Quinctius
312 2767 471 2842 crispinus
484 2766 666 2842 Hispaniam
686 2765 872 2839 citeriorem,
894 2763 925 2825 c.
940 2763 1065 2840 calpur-

84 2847 150 2908 nius
173 2848 249 2912 Piso
273 2851 454 2927 Hispaniam
481 2851 666 2913 ulteriorem
702 2847 883 2911 oonsulibus
913 2848 1065 2909 ambobus

86 2934 273 3006 quaestiode
284 2934 483 2998 clandestinis
495 2933 757 2996 coniurationibus
764 2933 890 2995 decreta
900 2939 957 2994 cst.
974 2933 1065 2992 Grae·

85 3028 137 3076 cus
157 3015 304 3092 ignobilis
324 3018 355 3079 in
375 3019 527 3080 Etruriam
552 3019 683 3094 primum
701 3016 787 3079 venit
807 3018 891 3078 nulla
910 3033 981 3077 cum
1000 3023 1066 3076 arte

86 3111 202 3175 mrum,
223 3117 303 3176 quas
324 3103 434 3164 multas
455 3103 496 3163 ad
516 3103 685 3163 animorum
705 3116 932 3178 corporumque
953 3102 1066 3162 cultum

88 3182 171 3243 uobis
195 3185 404 3247 eruditissima
426 3186 559 3249 omniun
577 3201 655 3262 gens
673 3186 803 3262 invexit,
823 3183 1017 3247 sacrificulus
1037 3190 1067 3244 et

88 3272 187 3338 vetes3
208 3283 267 3329 nec
281 3269 308 3330 is
324 3269 377 3346 qui
391 3276 499 3346 operta
512 3269 668 3344 religione,
682 3271 844 3346 propalam
858 3277 890 3331 et
905 3275 1064 3345 quaestum

88 3353 116 3408 at
133 3349 325 3426 disciplinam
346 3353 534 3429 profitendo,
560 3353 680 3414 animos
700 3369 804 3415 errore
823 3351 987 3423 imbueret,
1010 3349 1066 3408 scd

88 3435 271 3498 occultmum
283 3444 314 3500 et
323 3445 543 3503 nocturnorum
555 3437 681 3499 antistes
694 3451 860 3499 sacrorum.
876 3434 961 3494 inilia
970 3438 1066 3505 erant,
