2364 3862
175 246 238 310 aaa
352 245 469 304 crana
484 244 574 304 xcv.
597 242 679 302 cnr.
695 249 759 303 aa.
780 241 816 318 p.
830 240 975 318 neam]

175 415 279 474 regem
290 405 422 472 captum,
433 393 463 454 in
476 394 596 455 dicione
607 393 714 471 populi
724 393 854 454 Romani
868 400 899 454 et
909 392 1062 470 illyricum
1072 407 1139 452 esse.

176 484 217 544 ob
231 497 286 542 eas
300 497 360 552 res,
375 487 480 554 gestas
495 479 588 538 ductu
608 477 810 552 auspicioque
831 476 866 536 L.
886 477 985 537 Anicii
996 477 1141 552 praetoris,

176 574 302 628 senatus
329 564 359 623 in
388 561 519 622 triduum
545 560 786 637 supplicationes
809 560 953 620 decrevit
989 561 1097 620 dilatae
1119 567 1142 620 cl

176 650 294 710 edictae
309 663 329 706 a
342 647 469 707 consule
483 651 556 705 sunl
571 645 602 704 in
617 650 687 704 aute
702 651 840 718 quartum
861 651 890 704 et
909 641 1032 704 tertium
1051 649 1083 704 el
1094 643 1141 718 pri·

176 731 227 792 die
240 730 311 790 idus
327 729 527 790 Novembres.

260 811 425 874 Tradidere
439 811 563 886 quidam
570 811 688 886 legatos
695 809 850 895 Rhodios,¹
856 809 992 870 nondum
999 809 1141 881 dimissos,

175 903 248 973 post
262 894 420 955 victoriam
433 895 599 956 nuntiatam
614 895 697 955 velut
716 894 757 953 ad
771 893 933 954 ludibrium
954 893 1085 953 stolidae
1102 910 1142 953 su·

176 979 300 1056 perbiae
315 979 346 1038 in
361 985 501 1039 senatum
514 983 643 1039 vocatos
658 993 739 1038 esse.
762 977 803 1038 ibi
813 977 974 1052 Agepolim
988 976 1143 1052 principem

176 1077 282 1124 eorum
303 1062 344 1123 ita
363 1063 513 1123 locutum=
541 1061 654 1122 missos
673 1077 746 1139 esse
770 1062 888 1136 legatos
909 1059 947 1120 ab
968 1059 1097 1120 Rhodiis
1113 1060 1144 1120 ad

175 1162 285 1222 pacem
299 1145 376 1207 inter
388 1146 545 1206 Romanos
560 1152 592 1204 et
603 1144 716 1204 Persea
731 1144 916 1217 taciendam,
939 1145 1023 1218 quod
1042 1144 1076 1204 id
1093 1143 1150 1203 bel-¹

175 1231 236 1290 lunt
251 1245 345 1305 grave
360 1235 453 1304 atque
466 1227 693 1290 incommodum
713 1227 859 1288 Graeciae
879 1227 975 1302 omni,
997 1234 1145 1302 sumptuo

177 1329 245 1374 sum
259 1329 296 1374 ec
307 1315 488 1374 damnosum
500 1311 578 1387 ipsis
588 1311 734 1372 Romanis
746 1319 839 1371 esset.
859 1312 1010 1372 fortunam
1021 1311 1146 1386 perbene

175 1397 299 1468 iecisse,
315 1397 439 1471 quando
456 1394 540 1457 linito
555 1396 642 1456 aliter
654 1394 735 1455 bello
750 1395 921 1469 glutinandi
935 1393 994 1454 sibi
1010 1396 1052 1454 de
1062 1395 1146 1454 victo

174 1479 221 1538 ria
242 1479 364 1553 egregia
383 1480 530 1540 Romanis
551 1479 808 1554 opportunitatem
835 1478 981 1538 dedisset
1018 1477 1097 1539 baec
1116 1478 1147 1538 ab

175 1560 298 1622 Rhodio
324 1562 414 1622 dicta.
450 1575 635 1637 responsum
660 1562 698 1622 ab
720 1568 829 1623 senatu
847 1576 918 1622 esse
939 1561 1078 1622 Rhodios
1100 1577 1147 1622 nec

175 1643 343 1706 utilitatium
361 1646 507 1708 Graeciae
521 1662 623 1722 neque
642 1661 716 1706 cura
736 1645 943 1719 impensarum
966 1646 1072 1721 populi
1096 1645 1148 1706 Ro-

175 1728 266 1803 mani,
282 1729 338 1790 sed
355 1746 411 1805 pro
425 1729 540 1790 Perseo
555 1729 737 1805 legationem
751 1745 819 1788 eam
833 1729 964 1789 misisse.
993 1745 1062 1788 nam
1076 1728 1106 1790 si
1118 1745 1148 1788 ea

176 1813 286 1874 inisset
312 1828 395 1886 cura,
420 1829 500 1888 quae
528 1814 735 1884 simulamina,
762 1818 825 1873 tum
850 1812 1012 1874 mittendos
1037 1813 1148 1886 legatos

176 1894 287 1970 luisse,
311 1912 378 1956 oum
398 1896 529 1958 Perseus
550 1897 580 1956 in
600 1895 789 1958 Thessaliam
810 1897 947 1956 exercitu
960 1896 1087 1957 inducto
1102 1912 1149 1972 per

174 1979 330 2040 biennium
339 1979 471 2042 Graecas
483 1981 576 2040 urbes
589 1981 665 2040 alias
678 1978 843 2052 obsideret,
856 1979 932 2040 alias
940 1980 1149 2041 denuntiatone

175 2079 326 2123 armorum
341 2069 483 2125 terreret:
510 2071 574 2124 lum
594 2063 709 2124 nullam
729 2063 816 2137 pacis
832 2063 871 2124 ab
884 2062 1012 2124 Rhodiis
1027 2063 1149 2125 mentio

177 2155 244 2206 nem
258 2146 378 2206 iactam.
412 2156 576 2220 postquam
591 2152 753 2223 superatos
768 2147 865 2208 saltus
878 2152 1149 2224 transgressosque

136 2253 141 2260 ⁴
175 2245 204 2287 m
229 2228 440 2288 Macedoniam
463 2231 620 2290 Romanos
645 2229 797 2291 audierint
822 2237 852 2290 et
875 2229 1028 2292 inclusum
1059 2227 1151 2292 teneri

173 2309 295 2385 Persea,
311 2318 382 2372 tnnc
401 2311 541 2372 Rhodios
563 2311 747 2386 legationem
762 2311 900 2388 misisse,
921 2330 983 2374 non
1004 2315 1045 2374 ad
1064 2316 1151 2376 ullam

174 2393 263 2453 aliam
278 2409 342 2454 rem
359 2411 449 2470 quam
464 2397 503 2455 ad
518 2395 631 2456 Persea
644 2411 684 2454 ex
698 2396 864 2458 imminenti
878 2396 1014 2473 periculo
1025 2398 1149 2474 eripien-

176 2478 256 2538 dum.
290 2495 360 2539 cum
375 2479 434 2540 boc
448 2495 602 2554 responso
618 2479 736 2554 legatos
752 2480 907 2542 dimissos.

257 2562 309 2622 lV.
332 2563 389 2622 Per
403 2564 531 2624 eosdem
553 2562 619 2623 dies
641 2571 671 2623 et
690 2563 730 2624 M.
752 2563 915 2626 Marcellus
936 2580 974 2624 ex
997 2562 1150 2640 provincia

173 2645 322 2720 Hispania
350 2647 506 2708 decedens
531 2644 697 2707 Marcolica
721 2648 816 2708 nobili
840 2649 917 2708 urbe
938 2657 1029 2725 capta
1049 2649 1150 2710 decem

173 2729 276 2803 pondo
292 2731 357 2790 auri
383 2737 413 2790 et
426 2732 541 2805 argenti
562 2733 600 2790 ad
621 2746 771 2790 summam
786 2731 959 2792 sestertium
973 2731 1098 2792 deciens
1122 2731 1149 2790 ln

173 2812 322 2872 aerarium
337 2813 458 2873 rettulit.

257 2895 368 2955 Paulus
384 2897 532 2956 Aemilius
547 2898 655 2957 consul
671 2912 740 2957 cum
755 2905 870 2973 eastra,
885 2905 1029 2973 utsupra
1043 2898 1152 2958 dictum

173 2982 235 3049 est,
258 2978 297 3038 ad
319 2977 403 3038 Siras
425 2985 525 3039 terrae
547 2979 764 3042 Odomanticae
784 2981 919 3056 haberet,
940 2987 973 3042 et
985 2982 1097 3042 litteras
1112 2980 1151 3040 ab

172 3076 246 3134 rege
265 3060 379 3121 Perseo
403 3079 458 3137 per
478 3063 627 3138 ignobiles
648 3069 710 3124 tres
731 3065 850 3140 legatos
865 3072 1019 3141 cerneret,
1043 3065 1152 3139 etipse

172 3144 371 3206 illacrimasse
391 3146 501 3208 dicitur
522 3147 598 3208 sorti
618 3147 785 3222 hmnanae,
808 3149 893 3224 quod
909 3149 961 3224 qui
977 3151 1069 3224 paulo
1083 3153 1152 3208 ante

171 3244 234 3288 non
258 3237 419 3290 contentus
443 3247 539 3306 regno
564 3231 765 3292 Macedoniae
784 3233 947 3294 Dardanos
967 3231 1153 3312 Illyriosque

171 3321 391 3388 oppugnasset
404 3314 622 3374 Bastarnarum
630 3316 795 3376 excitasset
801 3315 925 3389 auxilia,
932 3316 959 3376 is
967 3323 1031 3378 tum
1039 3316 1151 3378 amisso

171 3396 321 3470 exercito,
344 3398 475 3458 extorris
496 3413 608 3472 regno,
630 3398 659 3457 in
675 3415 801 3474 parvam
816 3399 948 3461 insulam
963 3400 1153 3476 compulsuS,

172 3479 313 3553 supplex,
330 3481 392 3539 lani
407 3481 563 3556 religione,
579 3498 640 3542 non
658 3482 772 3544 viribus
789 3483 854 3544 suis
869 3489 952 3546 tutus
967 3490 1061 3544 esset
1094 3481 1152 3542 sed
