2364 3862
211 197 324 258 ttssntt
337 197 425 258 XLll.
448 199 530 258 CAP.
545 207 589 268 58.
599 208 644 264 39.
664 207 700 274 [a.
709 207 740 259 0.
751 209 809 276 171]
943 203 1002 270 ldt

56 348 176 410 oblatam.
203 347 229 406 si
250 349 328 407 male
353 349 449 408 meriti
471 350 660 409 clementiam
681 351 786 426 populi
804 351 934 420 Romami
950 369 1004 414 ex-

54 433 116 508 perti
133 437 246 502 essent,
273 431 351 492 bene
377 433 522 492 merendo
549 432 759 494 liberalitatem
786 436 1004 512 experirentur.

51 515 156 576 Boeotis
170 514 386 590 exprobratum
398 516 574 576 societatem
585 531 641 576 eos
653 531 721 577 curn
732 515 844 578 Persen
856 519 1004 580 iunxisse.

53 615 106 658 cum
119 599 234 674 culpam
254 599 287 657 in
308 598 469 658 Ismeniam
489 600 658 675 principem
678 601 804 662 ulterius
821 602 916 678 partis
931 617 1005 664 con·

52 683 155 756 tenent,
170 689 200 742 et
215 681 364 756 quasdam
383 681 519 742 civitates
535 683 749 744 dlasentientes
765 684 795 743 in
811 699 936 746 causam
951 687 1005 746 de·

53 765 152 838 ductas,
167 765 377 840 appariturum
391 764 421 823 id
437 780 509 826 esse
523 765 654 826 Marcius
669 767 843 842 respondit:
873 769 1004 844 singulis

52 847 112 906 enim
125 848 295 908 civitatibus
310 849 348 907 de
364 864 399 908 se
413 847 489 922 ipsis
505 850 685 911 consulendi
705 857 887 925 potestatem
908 853 1003 913 iactu·

49 945 97 992 ros.
116 931 332 992 Thessalorum
346 931 469 990 Larisae
485 932 538 994 luit
555 933 724 993 concilimn.
747 934 787 994 ihi
804 940 834 994 et
847 935 1004 996 Thessalis

50 1013 157 1090 benigna
170 1015 298 1074 materia
309 1015 421 1088 gratias
433 1016 544 1090 agendi
555 1015 701 1076 Romanis
713 1031 769 1092 pro
781 1015 927 1080 libertatis
939 1036 1004 1079 mu·
1116 1053 1120 1062 ·

49 1113 103 1156 nere
116 1096 179 1170 luit,
196 1106 226 1158 et
240 1099 364 1174 legatis,
382 1099 465 1172 qnod
480 1107 510 1158 et
523 1098 654 1174 Philippi
667 1099 753 1175 prius
768 1106 798 1159 et
812 1108 884 1176 post
896 1103 1003 1162 Antio·

15 1207 17 1216 =
50 1180 168 1242 clibello
183 1181 277 1242 enixe
298 1182 391 1241 adiuti
413 1197 431 1240 a
451 1188 542 1256 gente
564 1181 782 1242 Thessalorum
801 1191 915 1244 essent.
945 1185 1004 1245 hac

47 1271 127 1325 mutua
140 1265 429 1325 commemoratione
443 1265 617 1325 meritorum
628 1264 751 1325 accensi
766 1265 857 1326 animi
872 1266 1003 1328 multitu·

15 1367 16 1374 ¹
49 1347 110 1408 dinis
122 1349 159 1408 ad
173 1349 280 1409 omnia
294 1348 488 1416 decernenda
500 1365 581 1423 quae
597 1349 726 1410 Romani
741 1349 862 1409 vellent.

15 1445 17 1482 t
113 1431 286 1494 Secundum
301 1432 361 1492 hoc
377 1433 540 1491 concilium
554 1432 645 1506 legati
661 1448 679 1491 a
693 1431 806 1494 Perseo
823 1448 896 1508 rege
910 1449 1002 1494 vene·

15 1539 16 1552 ÷
47 1522 110 1589 runt,
127 1516 234 1590 privati
250 1515 384 1576 maxime
399 1515 524 1591 hospitii
546 1516 675 1590 hducia,
696 1515 779 1590 quod
801 1515 829 1575 ei
843 1524 1002 1592 paternum

48 1611 99 1656 curn
116 1599 227 1659 Marcio
250 1605 326 1659 erat.
355 1599 393 1658 ab
414 1599 505 1658 huius
526 1599 760 1660 necessitudinis
784 1615 1003 1660 commemora-

48 1677 110 1739 tione
126 1683 185 1742 orsi
207 1683 362 1758 petierunt
383 1683 488 1757 legati,
512 1682 542 1742 in
563 1681 752 1757 colloquium
774 1683 916 1744 veniendi
938 1683 1001 1758 regi

15 1763 17 1838 ξ
48 1770 204 1835 potestatem
224 1768 350 1826 laceret.
380 1766 511 1825 Marcius
535 1773 565 1825 et
587 1783 622 1826 se
643 1766 684 1825 ita
704 1783 723 1824 a
744 1773 898 1841 patresuo
915 1781 1002 1825 acce-

15 1861 16 1864 ’
47 1846 113 1920 pisse
126 1851 213 1924 dixit,
232 1850 397 1910 amicitiam
412 1849 642 1925 hospitiumque
657 1865 726 1909 curn
739 1848 880 1925 Philippo
896 1849 1002 1909 tuisse.

47 1930 145 1992 minime
158 1933 370 1995 immemorem
385 1933 622 1993 necessitudinis
643 1933 709 1992 eius
732 1933 915 2006 legationem
934 1948 1001 1994 eam

47 2018 211 2092 suscepisse.
242 2018 444 2091 colloquium,
466 2019 493 2076 si
514 2017 590 2076 satis
613 2017 775 2076 commode
789 2015 919 2088 valeret,
941 2029 1001 2074 non

47 2095 176 2175 luissese
191 2103 374 2169 dilaturum3
398 2116 492 2172 nutrc,
516 2101 568 2160 ubi
591 2101 720 2176 primurn
742 2107 863 2174 posset,
888 2100 927 2159 ad
947 2097 998 2158 Pe-

15 2197 16 2204 *
48 2193 116 2242 neum
127 2183 250 2259 flumen,
269 2201 330 2262 qua
344 2185 488 2245 transitus
503 2185 541 2244 ab
552 2185 693 2244 Homolio
705 2183 792 2246 Dium
807 2191 899 2258 esset,
915 2198 1002 2259 prae-

48 2265 130 2326 missis
152 2271 203 2344 qui
225 2269 399 2329 nuntiarent
426 2269 506 2343 regi,
534 2275 688 2330 venturos.
732 2267 864 2328 XXXIX.
888 2274 1001 2328 cltum

48 2347 147 2418 quidem
163 2353 200 2412 ab
216 2353 275 2414 Dio
290 2352 422 2412 Perseus
437 2351 467 2411 in
489 2352 633 2412 interiora
654 2352 739 2426 regni
760 2351 869 2426 recipit
889 2366 923 2410 se
939 2349 1000 2408 levi

15 2481 16 2502 2
48 2443 104 2492 tura
117 2437 180 2510 spei
196 2437 332 2507 obiecta,
351 2436 436 2511 quod
449 2435 582 2495 Marcius
597 2435 696 2510 ipsius
712 2450 807 2495 causa
822 2433 1002 2509 suscepisse

15 2545 16 2594 1
48 2525 73 2570 se
84 2515 256 2592 legationem
270 2519 415 2580 dixisset:
443 2525 515 2593 post
535 2519 601 2578 dies
617 2533 733 2593 paucos
751 2517 790 2576 ad
806 2517 1002 2577 constitutum

15 2595 16 2648 ξ
48 2593 126 2660 locun
139 2609 298 2664 venerunt.
327 2618 457 2676 magnus
473 2603 632 2662 comitatus
656 2601 709 2660 luit
722 2599 826 2674 regius
844 2613 914 2659 cum
929 2597 1001 2656 ami-

15 2697 16 2700 *
46 2692 129 2742 corum
143 2695 205 2746 turn
222 2686 384 2748 satellitum
399 2685 487 2745 turba
503 2686 644 2760 stipante.
666 2700 734 2748 ,non
751 2683 867 2740 minore
883 2681 1003 2754 agmine

15 2837 16 2840 Ἴ
49 2760 118 2836 legati
131 2777 280 2830 venerunt
293 2777 323 2830 et
338 2769 376 2828 ab
392 2769 500 2830 Larisa
520 2767 620 2828 multis
642 2764 901 2842 prosequentibus
917 2772 946 2824 et
961 2767 1001 2823 le·

48 2848 196 2916 sationibus
213 2854 394 2926 civitatium,
417 2867 498 2927 quae
519 2857 726 2912 couvenerant
745 2849 883 2910 Larisam
906 2856 935 2908 et
954 2863 997 2908 re·

48 2932 162 2994 nuntiare
183 2938 307 2997 domum
330 2943 414 2996 certa
429 2952 515 3010 quae
535 2935 696 2996 audissent
719 2932 871 2994 volebant.
906 2932 1003 2992 inerat

49 3022 103 3072 tura
116 3018 202 3080 insita
218 3020 397 3080 mortalibus
413 3019 537 3079 videndi
552 3019 786 3094 congredientes
801 3017 934 3080 nobilem
954 3032 1001 3076 re-

47 3104 98 3164 itn
112 3107 139 3160 et
149 3104 254 3178 populi
269 3103 417 3178 principis
427 3109 577 3164 terrarum
589 3103 722 3164 omniurn
733 3105 861 3178 legatos.
885 3101 916 3160 ln
928 3115 1000 3160 con·

49 3189 135 3248 spectu
148 3193 293 3247 steterunt
308 3187 468 3246 dirimente
482 3187 580 3247 amnia
610 3187 768 3262 paulisper
785 3184 1000 3246 internuntian-

47 3255 77 3318 do
85 3269 229 3358 ‘cunctatio
241 3271 313 3340 luit,
332 3269 388 3329 utri
399 3269 691 3344 transgrederentur.
718 3267 834 3346 aliquid
845 3269 887 3329 illi
898 3266 1001 3340 regiae

49 3353 186 3434 ararestati,
204 3354 318 3430 aliquid
333 3353 363 3411 hi
377 3352 483 3428 populi
494 3353 623 3414 Romani
635 3353 763 3426 nomini,
780 3370 848 3413 cum
862 3361 999 3425 praescr«

48 3426 369 3580 umrprerlqsregquegsset
383 3437 579 3514 colloquium,
595 3438 809 3576 existimabitrlrt
824 3430 937 3492 deberi.
955 3429 1016 3545 ios
