2424 3872
1189 29 1192 112 t

182 191 229 252 40
334 183 454 244 LIBER
464 183 596 244 xxxlll.
617 181 700 242 CAP.
715 190 760 243 la.
771 186 816 241 aa.
840 181 876 248 [a.
890 175 961 228 ue.
974 166 1035 234 aec]

187 345 306 417 patrum
328 349 488 395 consensu
506 332 676 408 triumphus
697 340 745 392 est
764 332 918 393 decretus.
955 317 1038 395 prior
1057 312 1085 374 0.
1100 307 1154 368 Cal·

187 417 317 501 purnius
343 417 384 478 de
403 418 556 478 Lusitanis
577 423 608 476 et
628 416 785 476 Celtiberis
805 402 1014 482 triumphavit:
1041 405 1152 456 coronat

188 516 298 567 aureas
323 501 393 561 tulit
413 501 567 575 octoginta
585 507 649 560 tres
670 507 701 560 et
720 495 884 560 duodecim
902 488 983 549 milia
1003 479 1100 559 l)oudo
1117 488 1154 534 is·

188 586 280 664 genti.
307 599 427 658 paucos
449 591 520 658 post
538 584 604 643 dies
617 582 652 641 L.
667 582 824 656 Quinctius
841 572 999 649 crispinus
1013 559 1153 659 exiissdim

188 668 343 732 Lusitanis
357 667 577 741 celtiberisque
592 665 801 741 triumphavit=
816 655 995 724 tantundem
1006 663 1068 710 aun
1079 649 1154 716 atque

190 749 307 828 argenti
322 750 353 809 in
368 766 406 811 eo
422 749 574 824 triumpho
592 750 770 824 praelatum.
1041 815 1047 828 ‚
1191 767 1193 834 l

276 831 430 894 Censores
450 834 490 894 M.
508 833 633 894 Porcius
654 840 685 893 et
696 833 731 893 L.
745 831 889 893 Valerius
910 830 990 885 metu
1010 820 1096 876 mtxta
1113 822 1154 867 ex·
1191 837 1193 892 p

192 917 383 994 spectatione
404 925 543 979 senatum
564 919 717 992 legerunta
741 923 859 992 septem
880 908 1041 972 moverunt
1059 898 1156 961 sonate
1191 895 1193 970 i

192 1019 232 1064 ex
252 997 366 1074 quibus
389 1017 481 1062 untun
501 999 650 1074 insignem
671 1007 702 1060 et
720 999 877 1062 nobilitate
898 1000 929 1055 et
948 980 1114 1078 honoribus·
1131 974 1157 1032 L·
1192 1007 1193 1032 t

193 1081 366 1159 Quinctium
377 1083 575 1146 Flamininum
588 1085 787 1145 consularem.
806 1091 928 1159 patrum
939 1063 1157 1134 memoriense-

192 1173 290 1230 tutum
305 1167 409 1240 lertur,
423 1177 457 1229 ut
471 1183 616 1229 censores
631 1167 721 1229 motis
737 1174 848 1230 senatu
854 1156 1066 1226 adscriberent
1075 1151 1156 1207 notas·
1192 1217 1194 1236 Ε

195 1249 317 1312 Catonis
340 1259 371 1312 et
385 1254 462 1313 aliae
482 1252 605 1327 quidem
619 1251 749 1318 acerbae
764 1251 921 1313 orationes
936 1241 1055 1304 exstant
1067 1232 1093 1292 in
1107 1239 1158 1322 eos,
1192 1253 1194 1308 r

124 1393 126 1398 s
196 1349 276 1410 quos
298 1341 351 1393 aut
371 1334 525 1395 senatorio
543 1336 613 1395 loco
630 1335 724 1394 movit
743 1342 795 1395 aut
810 1333 924 1409 qulbus
939 1337 1037 1402 equos
1051 1315 1158 1378 edamur
1192 1319 1194 1404 ἐ

195 1420 287 1488 longe
301 1417 484 1489 gravissima
497 1417 528 1477 in
542 1414 576 1474 L.
591 1415 759 1489 Quinctium
776 1419 874 1479 oratio
889 1420 953 1481 est,
975 1422 1036 1484 clua
1049 1401 1073 1461 Si
1087 1407 1159 1487 ΜΨ·
1193 1439 1194 1480 2

197 1506 281 1560 sator
296 1509 365 1560 ante
380 1507 492 1574 notam,
506 1516 567 1560 non
583 1514 695 1560 censor
710 1507 783 1574 post
795 1509 902 1562 notam
914 1510 990 1557 usus
1003 1485 1160 1561 essetpett·

197 1596 271 1643 nere
281 1581 315 1640 L.
329 1581 500 1655 Quinctium
514 1583 545 1643 in
559 1589 668 1643 senatu
681 1598 721 1642 ne
731 1584 824 1644 irater
836 1583 963 1659 quidem
972 1578 1005 1638 T·
1017 1562 1160 1654 Quintius,

197 1666 225 1726 si
238 1671 301 1724 tum
317 1680 429 1726 censor
443 1674 535 1740 esset,
551 1666 711 1741 potuisset.
733 1667 811 1728 inter
827 1676 932 1728 cetera
948 1657 1057 1724 obiecit
1069 1649 1095 1712 ci
1107 1644 1160 1740 Pht·
1192 1657 1194 1716 l

196 1749 313 1823 lippum
334 1749 486 1822 Poenum,
508 1766 610 1811 carum
629 1764 666 1810 ac
687 1750 789 1811 nobile
809 1760 962 1820 scortum,
984 1742 1023 1804 ab
1035 1742 1123 1800 Roma
1138 1741 1161 1786 n

199 1830 325 1893 Galliam
345 1835 533 1909 provinciam
554 1849 612 1909 spe
631 1832 973 1908 ingentiumdonorum
993 1822 1160 1904 perductum·
1193 1845 1194 1890 3

198 1931 267 1977 eum
282 1932 426 1993 puerum,
443 1933 498 1995 per
511 1915 668 1978 lasciviam
682 1933 751 1981 cum
765 1917 973 1989 cavillaretur,
996 1903 1162 1985 exprobrare
1192 1949 1195 1976 t

199 1998 319 2059 consuli
339 2016 490 2076 persaepe
512 2000 649 2074 solitum,
671 2002 755 2076 quod
776 2003 834 2062 sub
856 2003 961 2078 ipsum
976 1986 1162 2072 spectaculum
1193 2019 1195 2066 p

197 2080 410 2176 gladiatorium
424 2083 574 2144 abductus
589 2084 627 2143 ab
637 2084 736 2145 Roma
749 2094 841 2160 esset,
857 2095 891 2148 ut
906 2078 1087 2159 obsequium
1098 2080 1163 2132 ama·
1193 2071 1195 2156 ξ

197 2174 256 2258 tort
277 2173 412 2226 lactaret.
449 2168 525 2227 lorte
545 2168 737 2242 epulantibus
759 2169 812 2245 iis,
834 2187 905 2232 cum
926 2171 987 2230 iam
1007 2165 1077 2224 vino
1096 2155 1163 2216 incr·

198 2251 343 2343 luissent,
365 2248 532 2310 nuntiatum
551 2250 582 2310 in
598 2253 737 2313 convivio
755 2270 827 2316 esse
841 2255 977 2316 nobilem
991 2247 1096 2310 Boium
1110 2248 1164 2298 cum
1193 2245 1195 2318 ξ

199 2330 303 2392 liberis
318 2335 506 2410 transfugam
520 2335 658 2406 venisse;
682 2339 846 2398 convenire
860 2339 1021 2401 consulem
1035 2328 1122 2398 velle,
1139 2323 1165 2379 ¹¹²
1193 2367 1195 2382 =

201 2413 239 2474 ab
255 2429 292 2474 eo
308 2416 400 2478 fldem
420 2433 568 2493 praesens
583 2420 745 2495 acciperet.
777 2422 985 2486 introductum
998 2420 1029 2480 in
1043 2413 1164 2476 taberna·

201 2497 303 2595 culum
323 2516 380 2576 per
399 2503 592 2577 interpretem
607 2504 733 2581 adloqui
748 2507 905 2568 consulem
922 2502 1075 2582 coepisse.
1101 2494 1167 2555 ittier

200 2599 286 2680 eurus
303 2601 476 2648 sennonem
491 2585 647 2662 Quinctius
662 2598 765 2652 scorto
780 2590 847 2665 „vis
862 2597 924 2666 tu“‚
945 2587 1044 2664 inquit
1064 2590 1165 2658 „quon
1194 2591 1195 2596 ¹

198 2682 259 2728 tam
273 2670 483 2744 gladiatorium
498 2675 706 2746 spectaculum
720 2673 879 2750 reliquisti,
894 2675 955 2736 iam
969 2675 1051 2734 hunc
1065 2664 1167 2728 Gallum

199 2752 377 2815 morientem
390 2756 537 2818 videret“
559 2764 590 2816 et
604 2773 671 2817 cum
686 2756 713 2818 is
725 2759 850 2820 vixdum
863 2759 945 2821 serio
958 2753 1122 2820 adnuisset
1136 2739 1166 2803 ad

199 2845 305 2896 nutum
330 2841 422 2901 scorti
449 2840 605 2901 consulem
631 2842 735 2903 stricto
758 2843 875 2918 gladio,
904 2842 956 2919 qui
976 2853 1072 2916 super
1090 2827 1168 2907 cal)lli

199 2920 360 3016 pendebat,
372 2923 507 3000 loquenti
516 2923 601 2985 Gallo
614 2933 706 3001 eaput
716 2928 845 3002 primum
857 2926 1064 3003 percussisse,
1071 2912 1168 2982 deinde

199 3003 492 3099 lugrentifidemque
506 3010 613 3086 populi
624 3011 752 3071 Romani
767 3019 859 3086 atque
874 3027 981 3073 eorum
993 3009 1046 3084 qui
1056 2997 1169 3066 aderant

199 3089 370 3185 imploranti
390 3092 468 3157 latus
484 3095 696 3155 transfodisse.
724 3093 825 3156 XLlll.
848 3096 992 3157 Valerius
1006 3090 1126 3158 Antias,
1142 3081 1169 3139 ui

201 3189 253 3248 qur
267 3191 325 3238 nec
341 3180 506 3242 orationem
523 3178 646 3240 Catonis
664 3179 791 3254 legisset
805 3186 835 3240 et
849 3179 970 3240 tabulae
986 3184 1099 3239 tantum
1113 3167 1170 3228 sine

199 3264 323 3355 auctore
334 3265 433 3327 editae
445 3262 636 3339 credidisset,
648 3261 730 3324 aliud
741 3270 959 3340 argumentum,
972 3261 1070 3324 simile
1080 3260 1170 3316 tenen

199 3347 228 3435 et
248 3343 365 3408 libidini
386 3357 415 3410 et
430 3347 596 3410 crudelitati
612 3348 737 3423 peragit.
764 3347 937 3408 Placentiae
952 3348 1100 3407 famosam
1113 3349 1168 3396 mu·
1194 3409 1195 3414 ἵ

199 3424 317 3504 luerem,
340 3432 426 3494 cuius
448 3447 551 3492 amore
572 3430 740 3509 deperiret,
762 3432 791 3491 in
815 3431 987 3492 convivium
1002 3421 1170 3488 arcessitam
