2364 3862
175 223 239 286 194
343 221 459 281 LIBER
472 219 574 280 xtlll.
599 219 682 280 cal).
698 226 762 282 omi
785 218 822 295 [ι.
835 223 870 275 U.
883 239 907 279 c.
919 217 980 294 582]

175 370 337 451 peregrino
359 373 509 432 frumento
530 369 661 443 aierent,
683 377 798 442 tamen,
819 385 859 432 ne
880 370 1022 430 deessent
1034 367 1173 440 ollicro

174 456 363 526 conleoIsse,
387 463 417 515 et
438 454 496 514 alia
517 469 596 530 quae
615 453 837 529 imperarentur
851 461 1006 527 praestare
1023 443 1173 528 paratos}

173 557 255 602 esse
283 537 393 598 Milesii
414 537 485 597 nihil
511 537 702 612 praestitisse
723 543 941 610 memorantes,
965 537 991 596 ai
1007 535 1095 610 quid
1089 553 1131 596 un·
1171 547 1173 600 l

173 638 283 700 perare
297 621 337 681 ad
351 622 464 681 beilum
477 629 602 682 senatus
614 619 713 693 vellet,
729 627 885 694 praestare
897 635 931 678 se
944 627 1063 694 paratos
1074 635 1173 680 esse

174 704 299 802 polliciti
320 710 400 764 sunt
433 703 667 764 Alabandenses
695 703 839 778 templum
864 700 949 762 urbis
973 704 1084 764 Romae
1103 717 1173 762 se

173 787 287 850 iecisse
301 793 630 861 commemoraverunt,
650 787 805 861 ludosque
820 787 1046 849 anniversarios
1060 801 1083 845 ar
1077 785 1173 844 'di

172 889 231 933 vae
244 870 431 942 instituisse;
455 878 485 929 ot
500 885 645 931 coronam
660 885 785 930 auream
800 869 1022 946 quinquaginta
1033 869 1133 946 pondo,

173 970 265 1031 quam
286 954 316 1014 in
332 952 479 1029 capitolio
502 961 652 1028 ponerent
665 954 779 1014 donum
793 953 859 1013 Iovi
874 951 990 1028 optimo
1008 951 1132 1024 maximo,

173 1036 326 1110 atluIIssc,
349 1044 379 1098 et
394 1043 479 1098 scula
493 1037 649 1113 equestrIa
664 1043 814 1106 trecenta;
838 1053 889 1109 ea,
913 1036 961 1096 cui
977 1036 1133 1108 iussissent

171 1120 345 1183 tradituros.
374 1121 488 1181 donum
509 1128 542 1181 ut
561 1121 590 1180 in
614 1118 760 1195 capnono
782 1135 898 1195 ponere
917 1126 948 1192 et
974 1119 1133 1180 sacrificare

172 1207 290 1279 liceret,
318 1205 471 1280 petebant
499 1204 557 1266 hoc
579 1210 609 1265 et
629 1204 1026 1278 Lampsaceni,.octoginta
1046 1201 1133 1278 pondo

172 1304 316 1350 coronam
338 1288 527 1358 adserentes,
557 1287 712 1362 petebant,
736 1293 1011 1348 commemorantes
1034 1287 1133 1346 disces-

172 1373 252 1434 sisse
267 1386 301 1431 se
316 1387 334 1429 a
348 1370 471 1444 Perseo,
488 1379 649 1445 postquam
664 1371 821 1432 Romanus
836 1370 991 1437 exercitus
1007 1370 1038 1430 in
1048 1369 1133 1428 Mace·

172 1454 294 1515 doniam
310 1453 460 1527 ventsse,
482 1470 548 1514 oum
564 1453 621 1515 sub
637 1453 758 1515 dicione
771 1453 876 1514 Persei
890 1460 921 1513 et
934 1460 1007 1514 ante
1020 1447 1132 1526 Philippi

173 1537 314 1596 luissent.
344 1553 401 1610 pro
423 1553 460 1597 ec
483 1544 512 1596 el
533 1538 615 1612 quod
637 1537 871 1611 imperatoribus
886 1536 1034 1598 Romanis
1050 1535 1134 1606 omnia

172 1617 404 1695 praestitissent,
427 1620 458 1680 id
473 1637 509 1680 se
524 1629 637 1682 tantum
652 1635 750 1694 orare,
772 1625 806 1688 ut
819 1621 849 1683 in
861 1618 1029 1689 amicitiam
1045 1614 1134 1694 populi
1166 1656 1167 1661 η

170 1703 300 1764 Romani
314 1703 538 1778 reciperentur,
564 1711 594 1766 el
609 1704 636 1764 si
655 1719 714 1777 pax
731 1703 1047 1777 comperendinet,
1067 1700 1133 1761 exci-

171 1793 331 1864 perentur,
353 1801 392 1846 ne
405 1787 435 1846 in
451 1789 564 1861 regiam
581 1793 762 1862 potestatem
776 1785 956 1848 reciderent.
981 1786 1090 1848 ceteris
1103 1787 1135 1844 le

170 1869 249 1944 gaas
264 1870 389 1931 comiter
403 1883 606 1945 responsumq
626 1871 855 1944 Lampsacenos
870 1869 901 1929 in
915 1869 1072 1931 sociorum
1087 1870 1135 1928 lor·

171 1955 283 2014 mulam
292 1953 597 2027 relemeQMaenius
608 1961 730 2029 praetor
741 1954 854 2023 iussus
866 1967 994 2016 munera
1004 1952 1135 2013 omnibus

170 2038 200 2096 in
217 2037 354 2112 singulos
369 2036 473 2096 binum
487 2039 600 2098 milium
615 2039 695 2100 aeris
712 2037 791 2099 data.
811 2036 1051 2099 Alabandenses
1064 2041 1137 2098 scuta

169 2127 328 2193 reportare
341 2120 381 2178 nd
392 2123 427 2180 A.
438 2121 599 2181 Hostiimm
615 2121 772 2182 consulem
787 2121 817 2179 iu
831 2119 1048 2183 Macedoniam
1063 2117 1135 2180 iussi.

225 2251 227 2258 ,
253 2201 290 2260 Ει
310 2217 349 2261 ex
369 2203 473 2262 Alriea
492 2203 584 2277 legati
599 2205 687 2264 simui
704 2203 994 2280 Cardraginiensium
1012 2202 1047 2242 **
1062 2201 1136 2263 tritici

169 2283 300 2345 deciens
317 2292 436 2344 centum
458 2285 540 2346 milia
561 2296 590 2348 et
609 2287 716 2348 hordei
737 2287 901 2362 qmngenta
920 2285 1093 2356 indicantes
1110 2299 1137 2343 sc

170 2367 210 2426 ad
231 2384 314 2427 mare
336 2368 464 2436 devecta
483 2368 612 2443 babere,
633 2378 665 2431 ut
687 2387 748 2445 quo
764 2375 889 2431 senatus
905 2369 1083 2432 censuiSset
1095 2369 1136 2428 dc·

169 2456 339 2525 portarentr
361 2451 391 2512 id
412 2469 522 2514 munus
544 2452 740 2528 ciliciumque
761 2469 849 2514 suum
865 2454 944 2516 selre
960 2454 1064 2514 minus
1079 2467 1138 2514 esse

169 2551 261 2608 quam
284 2551 339 2610 pro
361 2533 475 2598 meritis
497 2537 602 2612 popuii
623 2537 752 2596 Romani
772 2544 803 2598 el
823 2538 977 2598 voluntate
992 2555 1070 2606 sua;
1092 2534 1136 2596 sed

169 2635 264 2693 saepe
279 2619 364 2690 alias,
381 2619 470 2680 bonis
485 2621 515 2681 in
529 2620 622 2682 rebus
638 2621 797 2694 utriusque
813 2620 928 2696 popuii,
944 2637 979 2680 se
991 2629 1138 2694 gratorum

168 2701 367 2776 fideliumque
387 2703 505 2764 socium
527 2703 702 2764 muneribus
724 2699 846 2766 Iunctos
861 2719 941 2764 esse.
968 2705 1041 2764 item
1057 2702 1137 2763 Masi·

169 2785 275 2844 nissae
294 2786 385 2860 legati
406 2784 494 2849 tritici
509 2787 636 2848 eandem
653 2803 801 2848 summam
811 2785 952 2862 polliciti,
975 2793 1007 2847 el
1021 2787 1103 2846 mille
1116 2789 1139 2844 et

168 2867 317 2926 ducentos
334 2869 468 2942 equites,
490 2869 652 2930 duodecim
668 2869 864 2946 elephantos·;
887 2877 917 2931 et
931 2869 958 2928 si
974 2872 1050 2944 quid
1066 2867 1138 2932 aliud

169 2965 248 3024 opus
261 2957 352 3022 essel,
369 2953 411 3011 nti
423 2953 587 3028 imperaret
598 2960 737 3014 senatus:
753 2969 853 3028 aeque
862 2968 1020 3032 propenso
1034 2953 1138 3021 ammo,

167 3040 291 3106 atquae
312 3034 380 3108 ipse
400 3037 483 3095 ultro
495 3034 648 3110 pollicitus
663 3038 718 3110 sil,
739 3043 961 3112 praestaturum
978 3052 1062 3098 esse.
1080 3051 1139 3111 gm-

168 3113 226 3174 tiae
246 3122 276 3174 et
297 3115 646 3192 carthaginiensibus-et
659 3119 724 3194 regi
739 3129 840 3194 actae,
864 3120 1042 3195 rogatique,
1064 3129 1097 3182 ut
1110 3133 1146 3176 ea

166 3215 247 3274 quae
263 3197 477 3274 pollicerentur
492 3201 531 3262 ad
545 3202 707 3265 Hostilium
723 3203 921 3264 consulemini
933 3203 1141 3282 Macedonian

167 3282 373 3381 deportarent.
394 3284 503 3358 legatis
525 3284 554 3342 In
575 3285 713 3360 singulos
735 3285 839 3346 binum
853 3285 967 3345 milium
982 3287 1066 3347 aeris
1082 3303 1141 3345 mu·

165 3381 239 3424 nera
254 3383 357 3426 missa.
454 3377 459 3386 ·

252 3450 315 3508 VII.
338 3449 526 3509 cretensium
542 3451 649 3524 legatis
665 3453 972 3538 commemorantibus
988 3471 1034 3527 se,
1050 3467 1135 3542 quan·
