2364 3862
261 185 376 245 LIBER
388 185 491 247 XLIV.
515 187 596 247 CAP.
609 197 653 251 28.
674 197 703 263 [a
723 195 754 248 Ο.
765 197 827 264 168]
888 194 892 207 '
971 193 1034 257 2³5

60 335 203 393 frumento
225 340 366 430 petentes
387 342 564 397 tutarentur.
590 337 802 400 Cassandreae
815 341 967 403 deductae
980 361 1033 405 na-

58 432 111 475 ves
130 417 159 474 in
181 425 289 493 portus
312 418 458 516 primum,
484 423 536 494 qui
557 422 615 481 sub
635 422 717 484 Atho
738 432 842 484 monte
856 434 941 499 sunt,
963 427 1034 488 inde

56 501 206 560 Tenedum
228 501 352 575 placido
367 503 443 562 mari
458 517 526 562 cum
540 504 746 581 traiecissent,
767 508 907 568 stantes
898 525 928 568 m
942 517 1035 584 portu

1 602 2 670 }
55 582 187 644 Rhodias
209 591 334 659 apertas
356 599 452 644 naves
472 586 706 664 Eudamumque
725 592 914 664 praelectum
928 607 1034 654 aarum

56 666 215 726 inviolatos
247 674 342 743 atque
374 668 464 728 eliam
489 669 621 745 benigne
645 674 820 770 appellatos
844 673 1033 736 dimiserunt

56 749 174 824 cognito
201 749 348 811 deinde
340 767 370 810 m
395 752 491 812 latere
514 753 609 814 altero
633 755 854 831 quinquaginta
874 760 1033 828 onerarias

5 885 10 894 .
53 851 174 894 suarum
190 833 372 893 stantibus
364 850 395 893 ιιι
410 836 491 895 ostio
505 843 612 911 portus
625 837 772 900 Eumenis
786 842 943 915 rostratis,
966 844 1032 918 qui·

52 915 109 977 bus
123 917 251 976 Damius
266 927 417 993 praeerat,
432 918 567 979 inclusas
579 935 660 992 esse,
677 922 873 983 circumvecti
888 941 1030 1001 propere,

52 1015 88 1060 ac
100 999 265 1061 summotis
280 1007 398 1061 terrore
412 1001 547 1062 hostium
562 1003 693 1064 navibus
709 1007 867 1066 onerarias
882 1009 962 1068 datis
979 1010 1030 1082 qul

52 1090 315 1180 prosequerentur
328 1083 436 1143 decem
450 1085 581 1145 lembis'
572 1103 603 1146 m
617 1085 829 1148 Macedoniam
843 1091 971 1165 mittunt,
991 1092 1032 1151 ita

1 1241 2 1252 ἵ
50 1168 108 1226 ιι
100 1184 131 1228 m
150 1174 249 1228 tutum
269 1168 428 1241 prosecuti
447 1168 584 1230 redirent
602 1169 766 1229 Tenedum.
791 1187 873 1232 nono
895 1180 967 1246 post
981 1172 1031 1234 die

48 1251 87 1309 ad
106 1252 243 1310 classem
262 1248 323 1310 iam
343 1251 384 1309 ad
405 1250 530 1326 sigeum
550 1259 681 1312 stantem
700 1253 864 1314 redierunt.
886 1255 958 1314 inde
973 1255 1029 1317 Su-

1 1387 2 1408 }
48 1332 176 1394 bota-
191 1335 294 1394 insula
312 1341 363 1393 est
381 1335 540 1396 interiecta
553 1335 666 1396 Elaeae
686 1343 716 1396 et
729 1337 867 1397 Atho—
880 1339 1029 1399 baieiunt.

1 1418 125 1477 torte
139 1425 269 1492 postero
286 1417 336 1477 die
351 1434 442 1492 quam
458 1417 576 1480 Subota
591 1418 702 1480 classis
716 1423 827 1496 tenuit,
850 1421 986 1498 quinque
1000 1429 1031 1483 et

1 1498 2 1592 l
47 1502 167 1576 triginta
179 1517 286 1573 naves
300 1517 380 1576 quas
391 1501 715 1578 hippagogusvoeant,
727 1505 866 1567 abElaea
872 1508 1029 1580 proiectae

47 1600 114 1644 cum
128 1583 287 1660 equitibus
302 1584 397 1644 Gallis
413 1586 565 1661 equisque
575 1586 696 1647 Phanas
708 1590 949 1662 promontorium
961 1589 1028 1648 cni-

47 1683 131 1728 0mm
143 1669 300 1744 petebant,
315 1668 400 1728 unde
410 1670 654 1729 transmitterem
664 1670 878 1731 Macedoniam
890 1680 1028 1747 possent

47 1753 145 1812 Attalo
169 1752 210 1811 ab
223 1752 361 1811 Eumene
375 1750 578 1812 mittebantur.
598 1750 655 1812 has
669 1767 765 1812 naves
779 1769 837 1828 per
849 1756 942 1814 altum
956 1755 1028 1814 lerrl

46 1851 111 1896 cum
127 1851 169 1894 ex
185 1837 315 1910 specula
329 1836 451 1910 signum
471 1836 574 1896 datum
589 1836 737 1896 Antenori
752 1843 850 1910 esset,
872 1837 1028 1911 proiectus

46 1919 82 1986 ab
102 1918 234 1980 Subotis
261 1919 340 1979 inter
359 1918 559 1996 Erythrarum
585 1920 825 1994 promontorium
852 1919 1028 1994 Chiumque,

46 2019 104 2077 qua
125 2001 316 2062 artissimum
332 2004 442 2063 iratum
457 2008 518 2075 est,
544 2002 581 2062 iis
596 2003 738 2063 occurrit.
759 2001 831 2061 nihil
846 2003 946 2062 nunus
962 2017 1027 2060 cre-

46 2086 117 2146 dere
133 2086 282 2183 praelecti
296 2086 443 2146 Eumenis
459 2101 552 2160 quam
565 2086 768 2148 Macedonum
784 2088 916 2146 classem
931 2086 961 2145 in
975 2085 1027 2145 illo

46 2169 148 2267 vagari
164 2169 257 2229 mari
279 2185 361 2229 nunc
374 2169 532 2230 Romanos
548 2184 635 2243 esse,
649 2187 731 2231 nunc
744 2170 892 2244 Attalum,
914 2176 967 2230 aut
979 2183 1026 2227 re-

46 2254 158 2314 missos
181 2251 304 2328 aliquos
326 2252 365 2312 ab
386 2252 489 2313 Attalo
504 2269 543 2312 ex
564 2254 673 2314 eastris
686 2253 832 2315 Romanis
847 2214 1027 2337 Pergamum

45 2345 158 2411 petere.
182 2337 240 2398 sed
261 2353 329 2397 cnm
344 2335 404 2396 iam
419 2335 729 2411 appropinquantium
745 2340 842 2397 lorma
858 2323 1026 2396 lemborum

2 2407 3 2486 i
45 2419 124 2482 haud
145 2418 241 2481 dubia
261 2426 360 2495 esset,
384 2426 414 2478 et
432 2419 596 2480 concitatio
616 2435 769 2481 remorum
783 2417 1003 2492 directaeque
994 2433 1024 2475 m

2 2521 3 2578 ι
45 2519 77 2564 se
90 2521 205 2580 prorae
220 2503 327 2564 hostes
343 2503 596 2579 appropinquare
610 2504 812 2578 aperuissent,
827 2511 900 2562 tunc
915 2501 1026 2560 iniecta

44 2587 206 2662 trepidatio
222 2595 278 2662 est,
295 2602 363 2647 cnm
377 2586 543 2647 resistendi
554 2601 629 2659 spes
640 2586 722 2645 nulla
733 2591 825 2657 esset,
840 2582 1024 2657 inhabilique

45 2671 167 2730 navium
187 2684 303 2743 genere
323 2677 354 2729 et
374 2667 469 2730 Gallis
490 2669 543 2729 vix
565 2668 695 2741 quietem
711 2665 900 2726 serentibus
892 2682 922 2723 m
938 2663 1024 2724 mari.

2 2731 4 2835 l
45 2768 114 2826 pars
130 2768 249 2828 eorum,
266 2753 317 2829 qui
329 2753 495 2829 propiores
507 2750 673 2811 continenti
688 2748 779 2810 littori
794 2748 912 2823 erant,
904 2765 934 2808 m
946 2748 1023 2826 Ery·

45 2836 177 2896 thracam
191 2843 337 2906 enarunt;
354 2852 428 2910 pars
442 2834 518 2895 velis
530 2835 609 2894 datis
620 2834 659 2894 ad
672 2833 777 2894 chium
789 2847 884 2892 naves
895 2832 1024 2905 eiecere,

44 2918 220 2994 relictisque
235 2919 325 3000 equis
340 2919 441 2979 ellusa
455 2920 528 2992 iuga
539 2917 645 2978 urbem
659 2917 811 2991 petebant
828 2916 883 2976 sed
895 2916 1023 2992 propius

3 3005 5 3078 ξ
44 3003 147 3062 urbem
167 3003 261 3063 lembi
283 3017 477 3078 accessuque
492 3000 700 3062 commodiore
721 3015 789 3060 cum
804 3001 1024 3075 exposuissent

45 3093 185 3159 armatae,
203 3087 311 3161 partim
327 3085 358 3145 in
374 3085 424 3145 via
438 3085 589 3159 fugientes
606 3084 709 3144 Gallos
724 3084 825 3159 adepti
836 3084 1022 3144 Macedones

3 3181 4 3208 ³
45 3169 226 3242 ceciderunt,
243 3168 353 3244 partim
369 3175 438 3228 ante
453 3175 573 3243 portam
587 3169 743 3228 exclusos.
760 3169 932 3228 clauserant
942 3164 1022 3226 enim

3 3243 4 3246 ’
45 3251 105 3312 chii
121 3260 258 3328 portam,
280 3252 378 3327 ignari
400 3250 452 3327 qui
473 3253 614 3326 lugerent
628 3258 679 3311 aut
694 3257 903 3326 sequerentur.
926 3248 1020 3308 octin-

45 3334 122 3407 genti
137 3337 235 3397 lernae
249 3336 405 3397 Gallorum
417 3334 522 3408 occisi,
539 3334 661 3394 ducenti
673 3334 735 3394 vivi
746 3334 842 3409 capti;
864 3329 936 3406 equi
947 3343 1020 3405 pars

46 3414 72 3476 ιιι
88 3420 162 3479 mari
178 3420 282 3480 tractis
297 3421 428 3480 navibus
444 3418 608 3494 absumpti,
630 3417 739 3494 partlm
753 3429 865 3474 nervos
880 3410 1019 3472 succide-
