2368 3858
160 179 223 242 ⁸00
300 181 496 242 EPITOMAE
511 180 712 242 LIBRORUM
725 180 1005 241 XLVI-XLVIII.

159 327 293 382 reliquerat,
313 329 420 370 continet.
440 326 499 370 hunc
514 326 645 371 Antiochum
664 340 756 382 puerum
775 340 824 370 cum
839 329 905 382 Lysia
923 331 997 370 tutore
1010 329 1136 370 Demetrius
1179 353 1180 358 =

159 382 249 424 Seleuci
264 381 337 432 nilne,
356 383 394 435 qui
407 381 492 424 liomae
506 384 573 423 obses
588 382 670 433 lucrm,
691 384 759 434 clam,
779 385 831 436 qula
845 395 889 424 non
904 383 1056 424 dimittebatur
1069 395 1083 423 a
1094 383 1124 425 lto
1179 383 1180 432 ἦ

158 435 236 487 manis,
253 436 376 487 interemita
390 438 414 478 et
428 438 476 490 lpse
491 438 513 479 in
527 447 619 490 reguum
633 441 745 490 receptus.
762 439 788 482 l..
800 437 895 479 Aemillo
907 436 987 486 Paulo,
1002 438 1040 489 qni
1055 437 1134 478 Persen

157 491 257 540 vicerat,
271 493 359 532 mortno
373 493 435 532 unta
449 491 499 532 clus
512 492 648 532 abstinentia
662 491 715 542 init,
731 492 767 541 ut,
783 501 832 531 cum
847 502 876 532 ex
889 490 997 544 Hispania
1012 495 1078 531 etex
1092 491 1132 532 lda-
1179 515 1180 522 κ

157 544 252 586 cedonla
266 544 385 585 immensas
400 553 456 597 opes
469 543 605 595 rettulisset,
621 545 659 585 vir
673 557 703 586 er
717 546 819 586 auctione
833 545 882 585 elus
895 544 1010 586 redactum
1025 545 1065 593 sit,
1082 544 1138 585 ante
1179 566 1181 608 p

157 600 223 640 uxori
244 599 293 640 elus
311 597 352 640 dos
370 597 501 640 solveretur.
523 598 655 652 Pomptinae
674 599 769 652 paludes
782 610 795 639 a
810 597 914 640 Cornelio
929 597 1028 650 Cethego
1042 599 1134 646 consule,
1179 611 1181 666 j

157 653 192 693 cul
207 663 233 694 ea
263 653 363 694 rosiucla
376 656 493 702 evenerat,
508 653 616 703 siccatae,
632 663 729 705 agerque
744 664 772 693 er
788 655 816 694 iis
830 652 910 694 iactus.

209 707 248 748 XL
270 707 296 748 ll.
312 705 353 751 Cu.
367 705 486 748 'tremellio
500 707 590 748 tribuno
605 706 677 759 plebis
691 706 760 748 multa
775 707 835 747 dicta
849 709 895 757 est,
911 705 1037 759 quodcum
1052 706 1084 746 ni.
1098 708 1134 747 Ae·

156 759 217 801 millo
234 759 320 814 Lepido
344 760 449 812 pontlhce
474 761 568 802 marimo
589 761 695 802 iniuriose
714 761 872 810 metendam,
896 770 1055 812 sacrorumque
1077 770 1136 812 qnam

155 813 324 865 magistratuum
343 814 379 854 ius
399 816 513 868 potentins
535 814 584 856 init.
602 815 641 856 lex
656 813 684 855 de
697 816 781 856 ambitu
796 815 849 858 lata.
872 813 967 855 lustrum
982 825 995 854 a
1010 814 1136 855 censoribus

156 866 269 908 conditum
285 871 331 909 est:
347 877 413 909 censa
427 873 480 909 sunt
494 869 575 910 cisium
590 869 664 922 capita
679 871 777 910 trecenta
791 869 882 920 triginta
892 873 942 910 octo
953 869 1023 918 milla,
1038 871 1133 909 trecenta

174 920 344 970 nattuordecim
364 924 468 974 princeps
487 925 580 964 senatus
598 923 670 963 lectus
684 922 792 964 Aemilius
805 921 910 974 Lepidus.
930 924 988 963 iuter
1001 922 1138 964 Ptolemaeos
1179 957 1180 960 ,

166 978 248 1025 ratres,
268 975 306 1027 qni
327 975 478 1026 dissidebant,
498 977 578 1018 foedus
597 977 676 1026 ictum,
697 982 721 1017 nt
739 977 797 1018 alter
810 977 912 1028 Aegypto
927 976 986 1018 niter
1000 975 1133 1028 Cyrenisre·
1180 981 1181 986 ’

156 1031 240 1082 guamo
255 1027 396 1081 Ariarathes,
411 1028 567 1084 Cappadociae
581 1041 633 1080 rex,
652 1030 746 1072 consilio
760 1029 867 1071 Demetrii
881 1031 942 1082 regis
956 1029 1037 1082 Syriae
1052 1033 1074 1070 et
1088 1029 1132 1070 viri·

1180 1024 1182 1078 i

155 1083 198 1123 bus
213 1081 293 1136 pulsus
306 1095 388 1137 regnu,
407 1096 421 1125 a
434 1088 513 1126 senatu
527 1085 646 1126 restitutus
659 1085 700 1126 est.
715 1085 776 1126 missi
790 1096 804 1125 a
818 1088 896 1124 senatu
912 1083 952 1136 qul
967 1084 1026 1124 iuter
1040 1083 1134 1124 Marinio
1180 1083 1182 1136 i

156 1146 204 1177 sam
219 1139 241 1178 et
257 1137 451 1191 Carthaginienses
466 1138 493 1180 de
507 1150 560 1192 agro
573 1138 706 1180 iudicarent.
722 1139 747 1181 C.
762 1138 859 1179 Marcius
874 1137 951 1179 consul
967 1137 1078 1179 adversus
1088 1136 1134 1176 llal·
1181 1168 1182 1186 ,

156 1193 227 1233 maias
241 1192 335 1244 primum
351 1204 427 1246 parum
442 1203 561 1247 prospere,
577 1194 656 1246 postes
671 1192 767 1234 iellclter
781 1193 898 1244 pugnauit,
919 1203 968 1232 cum
984 1193 1066 1244 quibus
1081 1189 1136 1230 bello
1181 1227 1182 1232 ,

157 1244 288 1297 confligendi
308 1257 374 1288 cansa
394 1246 447 1297 init,
469 1247 530 1300 qnod
548 1246 649 1300 illyrios,
672 1247 748 1300 populi
768 1245 859 1288 ltomeul
875 1247 961 1296 socios,
981 1247 1136 1294 vastantem,
1181 1261 1182 1266 =

157 1298 295 1352 eandemque
304 1308 391 1353 gentem
403 1303 521 1345 cornelius
530 1300 612 1341 Nasica
622 1299 700 1342 consul
710 1301 803 1341 domuit.
815 1299 844 1345 0.
857 1299 960 1353 Opimius
971 1299 1050 1340 conssul
1062 1300 1133 1340 Trans
1181 1307 1182 1316 ³

156 1352 246 1404 alpinos
260 1354 365 1406 Ligures,
382 1356 419 1407 qui
435 1354 609 1396 hiassilieuslum
624 1353 707 1408 oppida
720 1353 842 1406 Antipolim
857 1357 880 1394 et
894 1354 1001 1395 Nicaeam
1016 1353 1135 1400 vastabant,

156 1406 252 1458 subegit.
268 1411 383 1460 praeterea
396 1417 434 1449 res
448 1410 469 1449 ln
484 1409 590 1462 Hispania
604 1421 618 1450 a
632 1408 782 1462 compluribus
797 1419 874 1460 parum
884 1417 990 1461 prospere
1002 1409 1080 1460 gestas
1091 1417 1134 1448 cou-
1180 1421 1182 1464 ἦ

156 1461 220 1500 uitet.
243 1460 347 1502 consules
361 1472 418 1503 auno
433 1464 610 1515 quingentesimo
631 1463 773 1516 nonagesimo
788 1465 866 1502 ncuvo
881 1463 908 1502 ab
925 1462 979 1503 urbe
993 1461 1084 1502 condita
1097 1471 1134 1502 mo
1181 1467 1182 1472 ’

156 1513 282 1566 gistratum,
298 1515 393 1567 peractis
407 1517 503 1557 comitiis
516 1517 699 1570 inseqneutlsque
714 1520 765 1558 anni
779 1515 909 1557 consulibus
924 1515 1014 1565 creatis,
1030 1515 1079 1556 ital.
1094 1516 1132 1557 lan

157 1567 213 1608 lnlre
227 1571 355 1620 coeperunt.
372 1569 471 1611 mutandi
486 1571 575 1611 comitia
589 1581 656 1612 causa
670 1572 713 1612 lult
727 1571 786 1624 quod
801 1569 895 1623 Hispani
905 1570 1056 1612 rebellabant.
1073 1569 1135 1621 legati

156 1620 184 1662 ad
200 1619 368 1675 disceptandum
383 1624 441 1666 luter
451 1624 646 1678 Carthaginienses
660 1628 683 1666 et
692 1626 832 1666 Masinissam
846 1625 909 1666 missi
923 1626 1083 1666 nuntiaverunt
1096 1623 1137 1662 sim

156 1674 243 1716 navalis
256 1677 363 1718 maoerlae
376 1688 401 1719 se
416 1677 498 1720 Cartha
514 1681 550 1720 tue
565 1677 747 1731 deprehendisse.
763 1679 849 1732 aliquot
864 1682 982 1732 praetores
995 1689 1009 1718 a
1020 1678 1136 1731 provinciis

155 1730 263 1771 avaritiae
278 1733 366 1772 nomine
380 1734 478 1774 accusati
494 1691 591 1774 hannani
605 1737 664 1774 sunt.

209 1782 305 1828 xbvlll.
324 1787 426 1829 Lustrum
446 1788 603 1828 accessoribus
618 1786 728 1829 conditum
744 1790 790 1828 est:
809 1796 876 1827 censa
894 1789 946 1827 suut
967 1785 1049 1827 ciuium
1070 1787 1136 1838 capita

156 1839 255 1879 trecenta
270 1839 347 1891 viginti
363 1844 470 1891 quattuor
484 1841 554 1888 milla,
569 1842 653 1881 semina
668 1843 728 1882 tertii
743 1840 797 1882 belli
807 1841 886 1882 Punici
900 1840 1037 1882 reseruntur.
1054 1851 1101 1880 cum
1114 1840 1133 1878 ln
1181 1855 1183 1866 ⁴

155 1890 237 1932 linibus
252 1893 465 1947 Carthaginiensium
479 1896 558 1948 lugens
572 1895 715 1936 Numidarum
730 1896 848 1945 exercitus,
865 1894 920 1934 duce
934 1894 1084 1936 Ariobarzane
1097 1891 1135 1944 sy·

155 1943 235 1998 pbeete
250 1951 336 2001 nepote,
352 1949 464 1991 diceretur
478 1959 540 2000 esse,
555 1949 586 1994 hl.
603 1949 695 1990 Porcius
710 1949 766 1992 Cato
780 1950 858 1998 suasit,
875 1951 899 1989 ut
909 1946 1135 2000 Carthaginiensibus,

156 2010 205 2040 cnm
218 2000 388 2044 Ariobarzanem
403 2004 479 2055 specle
494 2007 571 2045 contra
585 2003 726 2045 Masinissam
740 2014 827 2055 regem,
842 2001 882 2042 sed
896 2012 920 2042 re
935 2013 989 2043 vera
1004 2005 1083 2042 contra
1095 2001 1134 2042 lio

155 2063 231 2094 manos
245 2057 338 2096 accitam
353 2057 375 2096 in
389 2057 470 2098 linibus
484 2056 598 2107 haberent,
614 2057 696 2098 bellum
711 2056 852 2098 indiceretur.
867 2055 1033 2096 contradicente
1046 2054 1072 2096 P.
1085 2054 1135 2095 Cor·

155 2107 215 2147 nelio
236 2107 318 2149 Nasica
339 2111 423 2161 placuit
445 2110 533 2161 legatus
552 2111 609 2152 mitti
632 2109 798 2163 Carthaginem,
823 2110 863 2162 qut
883 2110 1063 2163 specularentur,
1084 2105 1136 2162 quid

155 2162 266 2211 ageretur.
287 2164 396 2214 castigato
411 2167 491 2204 senatu
507 2163 734 2216 carthaginiensium,
756 2163 817 2217 quod
832 2165 909 2204 eontra
923 2163 1004 2204 toedus
1019 2166 1042 2204 et
1055 2162 1136 2204 enerci-

155 2218 202 2254 tum
223 2215 246 2253 er
264 2215 356 2256 navales
375 2218 481 2257 materias
499 2215 617 2268 haberent,
640 2229 718 2272 pacem
737 2221 795 2260 inter
814 2229 853 2260 eos
871 2221 895 2258 et
909 2217 1051 2260 Masinissam
1066 2217 1136 2256 iacere

155 2265 286 2316 voluerunt,
307 2269 427 2311 lissintsss
445 2280 509 2323 agro,
529 2270 557 2312 de
572 2283 616 2324 quo
631 2271 660 2312 lis
674 2276 733 2324 erat,
752 2271 853 2314 cedente.
868 2271 910 2312 sed
925 2271 994 2324 Gisgo
1010 2270 1136 2312 Hamilcaris

154 2320 227 2369 illius,
242 2319 308 2362 homo
322 2322 456 2375 seditiosus,
478 2325 516 2377 qul
531 2328 576 2366 tum
592 2329 614 2366 in
628 2329 758 2378 magistratu
774 2331 832 2377 erat,
848 2337 895 2367 cum
909 2331 1001 2368 seuatns
1015 2326 1134 2378 pariturum

154 2385 180 2417 se
195 2373 275 2416 ludlcio
290 2376 371 2430 legetis
386 2377 493 2429 dixisset,
513 2379 545 2420 ita
559 2380 642 2422 bellum
661 2381 770 2423 adversus
783 2381 895 2422 llornauos
908 2379 1025 2421 suadendo
1040 2379 1132 2421 concita·

155 2429 200 2479 vit,
221 2431 246 2469 ut
260 2430 357 2484 legatos,
371 2442 417 2484 quo
432 2433 505 2474 miuus
520 2434 669 2484 violarentur,
690 2435 741 2488 iuga
755 2435 895 2488 explicuerit.
917 2434 939 2475 ld
961 2435 1091 2475 nuntiantes
1104 2433 1124 2472 ln

155 2485 236 2525 testum
250 2486 293 2526 laus
308 2489 410 2528 senatum
426 2487 646 2540 Carthaginiensibus
660 2488 796 2531 infestiorem
812 2490 923 2531 iecerunt.
938 2488 969 2533 ll.
980 2488 1134 2530 PorciusCsto

154 2537 194 2580 hlil
209 2539 231 2579 in
251 2542 355 2593 praetura
374 2542 453 2582 mortni
468 2541 535 2583 sunus
549 2543 691 2594 tenuissimo,
712 2547 737 2585 ut
751 2544 825 2599 potuit
838 2567 865 2577 -
878 2553 928 2582 nam
943 2553 1028 2596 pauper
1042 2545 1089 2583 erat
1101 2565 1132 2591 -,

154 2595 244 2646 sumptu
260 2595 319 2636 iecit.
338 2595 471 2647 Andriscus,
493 2596 532 2650 qul
546 2607 571 2638 se
584 2597 661 2638 Persei
675 2597 755 2647 hlium,
773 2599 833 2650 repis
853 2595 965 2649 qnondam
985 2595 1126 2637 Macedoniae

154 2647 239 2700 lugenti
253 2649 422 2693 adseveratione
436 2653 581 2700 mentiretur,
595 2651 687 2694 liomaur
701 2653 790 2696 missus.
806 2651 836 2692 hl.
850 2649 959 2692 Aemilius
972 2649 1084 2704 Lepidus,
1098 2648 1131 2701 qirl

155 2701 259 2755 princeps
277 2707 370 2745 senatus
391 2707 463 2747 sextis
481 2707 524 2747 iarn
544 2707 674 2747 censoribus
693 2709 740 2746 erat
759 2705 844 2754 lectus,
872 2708 990 2757 antequam
1005 2705 1130 2758 exspiraret,

154 2758 268 2850 praecepit
283 2757 348 2807 hilis,
368 2758 434 2801 lecto·
441 2769 466 2801 se
479 2762 550 2800 strato
564 2761 714 2809 sineliuteis,
733 2759 782 2800 siue
803 2769 900 2812 purpura
914 2760 1030 2809 efferrentr
1050 2759 1072 2799 in
1086 2756 1131 2798 reli·

154 2820 223 2862 quum
248 2822 303 2853 unus
317 2825 345 2854 ne
359 2813 411 2865 plus
424 2823 490 2865 quam
504 2815 562 2854 aeris
577 2813 668 2855 deciens
682 2816 850 2856 consumerent:
865 2814 984 2866 imaginum
993 2814 1078 2866 specie,
1093 2821 1130 2852 non

154 2865 279 2917 sumptibus
298 2866 410 2908 nobilitari
431 2878 557 2920 magnorum
572 2869 668 2909 virorum
684 2868 760 2910 iuuere
775 2867 856 2912 solere.
877 2868 905 2909 de
920 2867 1034 2910 venereris
1048 2864 1129 2920 quaed·

154 2919 210 2959 turn.
231 2917 332 2960 Publicia
347 2923 370 2961 et
384 2921 481 2970 Licinia,
504 2921 592 2962 nubiles
606 2922 712 2974 iemlnae,
731 2933 789 2975 quae
810 2923 872 2965 viros
886 2931 940 2963 suos
952 2921 1084 2964 consulares
1097 2931 1122 2961 nc

154 2981 218 3012 casse
237 2973 432 3023 insimulabantur,
452 2976 540 3028 cognita
557 2986 635 3026 unsa,
654 2989 703 3019 cum
718 2977 815 3030 praetori
835 2988 876 3030 pro
890 2987 915 3018 se
929 2976 998 3017 vades
1014 2976 1130 3024 dedissent

154 3026 583 3133 {tristitiis”iiiiii
599 3031 696 3126 ‘lli‘
710 3030 843 3126 iiiiii
855 3030 920 3126 ili
932 3029 1130 3125 limittit:

417 3112 423 3131 ,
585 3097 1071 3135 mar,euueeum.

155 3133 209 3176 Cato
230 3133 347 3185 suaderet,
368 3138 392 3176 ut
407 3136 436 3177 iis
454 3137 538 3181 hellum
557 3097 702 3190 indigentur,
723 3139 748 3180 P.
764 3138 867 3182 Cornelio
881 3138 964 3180 Nasica
979 3138 1068 3179 dicente
1082 3133 1130 3178 nibli

153 3191 237 3230 temere
256 3188 380 3231 iaciendum
400 3191 484 3242 placuit
503 3193 579 3234 decem
598 3193 654 3234 mitti
668 3193 756 3245 legatos
771 3193 919 3245 exploratum.
937 3192 964 3234 b.
981 3193 1082 3234 Licinius
1094 3191 1129 3232 Lu·

153 3243 228 3284 cullus
249 3245 276 3287 A.
295 3244 423 3286 Postumius
443 3245 538 3287 Albinus
556 3247 661 3288 eonsules
678 3259 727 3288 cum
748 3246 852 3288 dilectum
872 3256 951 3288 severe
970 3247 1076 3297 agerent,
1096 3252 1130 3284 net

153 3307 286 3349 quemquam
301 3299 372 3350 gretia
386 3298 536 3349 dimitterent,
552 3302 579 3341 ab
595 3301 689 3342 tribunis
704 3301 788 3354 plebis,
809 3301 847 3353 qui
862 3311 903 3353 pro
918 3300 995 3340 amicis
1010 3301 1059 3341 suls
1073 3308 1129 3338 saca

153 3351 237 3390 tionem
251 3351 370 3404 impetrare
385 3365 428 3393 non
442 3356 557 3406 poterant,
572 3356 592 3392 iu
608 3364 719 3394 carcerem
733 3353 827 3395 coniecti
841 3357 901 3394 sunt.
921 3365 970 3394 cuns
986 3353 1128 3406 HispauIense

153 3401 236 3444 bellum
255 3415 331 3456 parum
352 3416 458 3458 prospere
478 3407 598 3457 aliquoties
617 3408 704 3457 gestum
723 3410 755 3448 lta
775 3407 913 3448 contudisset
927 3408 1042 3449 civitatem
1057 3407 1129 3448 itoma-

153 3465 210 3505 nsm,
226 3460 251 3497 ut
265 3470 292 3498 ne
307 3459 322 3498 li
337 3460 427 3512 quidem
441 3458 599 3508 invenirentur,
616 3460 653 3511 qul
667 3463 706 3500 aut
719 3462 855 3502 tribunatum
870 3461 1001 3514 exciperent
1015 3463 1053 3500 ant
1066 3457 1128 3512 letati

1181 1687 1183 1772 l

1181 1789 1183 1836 i
