2364 3862
247 212 362 272 LIBER
376 212 479 272 XLlil.
503 211 585 271 citu.
601 221 643 272 aa.
665 218 701 284 [a.
714 217 746 271 c,
760 217 821 284 roo]
954 210 1018 272 209

58 363 141 425 stibus
160 361 370 436 praecipitant.
399 361 471 420 inde
484 362 565 420 mille
580 362 701 436 occisis,
724 367 844 420 centum
859 363 953 421 ierme
967 379 1016 422 ca·

56 447 121 522 ptis,
144 452 172 505 et
195 445 310 520 ubique
334 460 484 520 prospere
511 453 652 520 gestare
673 460 771 520 prope
792 445 904 506 stativa
924 446 1016 521 Appii

55 528 1017 604 mwmwmmmmmmfflmmmmu

54 613 143 674 inferri
156 612 267 688 possit.
290 613 411 686 Appius
427 613 655 687 nequiquamin
670 612 717 672 liis
733 613 810 672 loeis
825 619 928 672 terens
943 620 1012 673 tem

54 695 118 774 pus,
139 694 273 756 dimissis
295 695 514 770 Chaonumque
533 704 564 756 et
584 697 610 756 si
631 697 682 771 qui
702 695 752 755 alii
772 696 918 772 Epirotae
932 705 1017 758 erant

54 779 203 858 praesidiis
225 795 294 838 eum
314 779 426 840 italicis
452 778 595 839 militibus
616 781 647 839 iu
669 781 822 856 illyricum
843 795 1015 857 regressus,

52 882 101 940 per
111 864 318 924 Parthinorum
332 864 434 924 socias
448 865 541 923 urbes
563 865 593 922 in
613 863 741 923 hiberna
753 863 898 924 militibus
913 864 1015 925 dimis-

37 946 98 1024 sis,
111 951 176 1023 ipse
190 948 318 1006 Romam
333 947 475 1007 sacrificii
490 961 585 1008 causa
598 948 696 1007 rediit.
718 946 850 1006 Perseus
867 963 906 1007 ex
919 947 1017 1008 Pene-

51 1041 154 1092 starum
175 1039 265 1106 gente
286 1030 367 1089 mille
389 1032 508 1104 pedites
534 1031 683 1091 ducentos
709 1031 829 1104 equites
853 1040 1015 1093 revocatos

5 1159 7 1186 2
50 1115 270 1190 Cassandream,
287 1115 441 1189 praesidio
456 1122 490 1174 ut
500 1121 613 1188 esseut,
628 1113 719 1174 misit.
735 1114 773 1172 ab
788 1114 895 1175 Gentio
908 1115 1016 1174 eadem

5 1215 6 1256 3
48 1196 1015 1272 adserentesredierunt.necdeindealioaatquealiosmittendo

5 1295 6 1300 ’
47 1291 186 1358 temptare
201 1299 271 1344 eum
286 1282 407 1354 destitit,
424 1298 493 1341 oum
504 1289 669 1357 appareret
681 1287 826 1356 quantum
837 1280 868 1339 iu
880 1296 917 1341 eo
930 1297 1016 1356 prae-

47 1367 109 1428 sidii
122 1374 220 1441 esset,
241 1381 299 1426 neo
313 1373 413 1425 tamen
428 1366 590 1440 impetrare
604 1365 642 1425 ab
658 1365 759 1426 animo
772 1372 895 1440 posset,
916 1373 949 1425 ut
961 1366 1015 1424 im-

5 1465 7 1530 p
46 1465 165 1526 pensam
179 1450 209 1510 in
224 1466 290 1509 rem
303 1449 425 1508 maximi
442 1451 481 1509 ad
497 1449 598 1510 omnia
612 1449 754 1511 momenti
769 1449 892 1510 iaceret.

419 1639 624 1646 κφ-ι-κ--ι-ι

358 1778 503 1872 llll
542 1778 684 1870 tivi

5 1869 8 2024 i
312 1941 366 2000 aa
394 1941 511 2002 nanu
541 1939 744 2002 oonmrn

5 2045 7 2148 l
406 2073 518 2136 ornan
539 2069 640 2132 xuv.

5 2175 7 2230 l

449 2205 604 2216 ..n-...—

5 2341 6 2368 ;
56 2307 200 2358 tritonia.
225 2305 255 2366 Q.
283 2307 391 2356 blaroius
413 2307 545 2374 Philippus
566 2325 613 2374 per
636 2311 718 2358 invios
741 2308 820 2358 saltus
843 2318 1017 2374 penetraverat

5 2375 6 2422 ἕ
89 2378 115 2426 iu
130 2377 321 2436 Macedoniam,
341 2377 534 2442 compluresque
552 2379 626 2428 urbes
646 2378 790 2442 occuparit.
815 2375 908 2428 Rhodii
925 2381 1016 2430 misere

5 2441 7 2502 ζ
88 2445 187 2512 legatos
205 2444 320 2504 Romam,
340 2447 464 2496 minantes
481 2461 509 2496 se
523 2446 617 2496 Perseo
635 2447 731 2496 auxilio
749 2445 855 2506 laturos,
872 2448 922 2496 nisi
935 2463 1016 2512 popu-

5 2515 7 2548 l
88 2512 127 2564 lus
146 2513 276 2564 Romanus
294 2529 351 2563 cum
370 2530 400 2564 eo
418 2529 508 2580 pacem
526 2523 601 2579 atque
619 2515 757 2565 amicitiam
768 2515 892 2577 iungeret,
913 2517 1016 2579 indigue

5 2579 7 2642 ᾗ
88 2584 114 2634 id
137 2583 224 2632 latum.
254 2597 311 2632 oum
336 2583 363 2632 id
386 2583 481 2634 bellum
503 2585 533 2635 L.
558 2585 667 2634 Aemilio
688 2581 780 2640 Paulo,
807 2584 934 2644 sequentis
958 2584 1017 2634 anui

5 2651 7 2724 i
86 2651 185 2702 consuli
202 2652 308 2710 iterum,
331 2653 478 2702 mandatum
496 2662 578 2712 esset,
602 2652 696 2703 Penius
714 2652 740 2700 in
758 2649 874 2699 contione
891 2662 1016 2715 precatus,

84 2729 112 2770 ut
130 2720 255 2784 quidquid
274 2719 323 2770 diri
348 2720 444 2785 populo
463 2721 577 2772 Romano
595 2723 750 2779 immineret,
777 2720 802 2768 in
823 2718 926 2768 domum
944 2735 1014 2771 snam

88 2794 285 2848 converteretur,
305 2796 331 2838 et
349 2790 374 2838 in
392 2789 567 2840 Macedoniam
584 2791 720 2857 proiectus,
738 2788 800 2840 vicit
816 2786 910 2838 Persen
928 2795 1013 2840 totam·

5 2871 6 2878 ³
86 2873 135 2920 que
156 2856 333 2909 Macedoniam
353 2859 380 2907 iu
401 2867 553 2923 potestatem
573 2860 679 2925 redegit.
703 2866 837 2920 antequam
862 2859 1016 2926 confligeret,

85 2925 111 2975 G.
133 2925 265 2992 Sulpicius
290 2923 376 2976 Gallus
400 2929 516 2977 tribunus
543 2929 651 2978 militum
674 2927 799 2993 praedixit
822 2928 957 2990 exercitui,
984 2945 1016 2981 ne

84 2995 233 3054 miraretur,
258 2993 327 3057 quod
351 2995 411 3044 luna
429 3008 502 3046 nocte
523 2998 639 3061 proxima
658 2996 788 3046 defectura
811 3006 885 3047 esset.
912 2997 1016 3049 Gentius

85 3077 199 3127 quoque,
217 3077 263 3112 rex
280 3061 432 3129 lllyriorum,
449 3079 507 3113 eum
525 3065 684 3122 rebellasset,
709 3080 724 3114 a
741 3065 769 3114 L.
790 3066 880 3116 Anicio
900 3076 1016 3130 praetore

87 3131 168 3182 nctus
184 3133 254 3182 veuit
271 3133 297 3180 iu
316 3131 485 3192 deditionem,
512 3140 536 3182 et
555 3149 613 3183 cum
630 3148 710 3183 uxore
728 3141 751 3182 et
766 3133 852 3184 liberis
869 3143 893 3183 et
911 3137 1016 3201 propin·

85 3199 142 3260 quis
160 3201 269 3250 Romam
287 3200 383 3250 missus
401 3209 448 3252 est.
468 3201 544 3266 legati
561 3201 715 3252 Alexandria
732 3217 747 3251 a
765 3202 899 3268 Cleopatra
917 3212 942 3254 et
957 3207 1015 3254 Pto·

85 3266 184 3319 lemaeo
208 3269 312 3334 regibus
335 3279 457 3320 venerunt
479 3281 611 3332 querentes
636 3271 668 3320 de
689 3270 813 3320 Antiocho
836 3285 896 3334 rege
919 3271 1015 3336 Syriae,

5 3389 6 3392 Ἴ
84 3337 153 3396 quod
170 3335 212 3386 his
225 3337 322 3386 bellum
336 3337 449 3388 interret.
468 3336 556 3388 Perses
570 3339 713 3388 sollicitatis
726 3339 753 3388 in
765 3339 889 3388 auxilium
904 3338 1015 3388 Eumene

5 3401 7 3410 '
85 3416 146 3470 rege
156 3405 273 3470 Pergami
284 3417 308 3456 et
321 3405 411 3456 Gentio
424 3421 485 3470 rege
494 3405 648 3474 ,Illyrios-nm,
667 3407 727 3470 quia
743 3407 776 3456 iis
790 3407 924 3471 pecuniam
939 3421 1016 3468 quam

5 3515 6 3520 ,
86 3475 238 3533 promiserat
254 3489 304 3524 nou
322 3475 406 3533 dabat,
422 3474 525 3524 relictus
542 3477 573 3526 ab
589 3476 630 3525 his
648 3486 694 3524 est.

5 3609 6 3618 ἵ
79 3555 102 3595 r.
117 3558 179 3600 arvi
193 3559 270 3602 ruas
285 3543 323 3600 V.
776 3548 808 3600 tt
