2424 3872
157 221 196 286 14
292 222 408 282 LIBER
421 219 552 282 XXXIX.
576 220 659 281 CAP.
676 229 718 282 15.
730 229 772 283 16.
796 226 833 294 [u.
845 225 880 278 U.
893 242 917 279 c.
928 225 991 293 566]

153 389 284 449 cumque
297 371 457 434 multitudo
473 378 570 445 essct,
591 369 634 431 ibi
648 378 678 432 et
690 370 856 446 legitimum
869 377 1019 432 rectorem
1032 371 1131 434 multi·

57 471 60 476 ·
152 457 265 519 tudinis
280 456 449 520 censebant
460 455 573 518 debere
588 469 668 514 esse.
696 456 803 530 quoles
818 452 950 529 primum
962 461 1138 517 nocturnos

153 549 269 614 coetus,
285 538 398 602 deinde
411 538 605 615 promiscuos
620 537 780 598 mulierum
789 537 973 599 acnirorum
983 552 1055 599 esse
1065 553 1133 599 cre-

153 623 246 685 ditist
277 624 303 684 si
325 621 438 698 ortibus
458 620 608 684 aetatibus
629 619 782 683 initientur
801 636 903 682 mures
923 619 1043 696 scietis,
1068 638 1133 683 non

152 707 296 770 miserest
310 722 367 767 vos
382 719 491 768 eorum
503 705 613 776 solum
629 704 791 766 sedetiam
805 704 930 779 pudent
947 703 1133 784 bocgucra·

152 799 254 852 mento
273 789 407 850 initiatos
422 789 548 849 iuvenes
564 786 675 848 milites
689 786 849 848 manuos
864 787 1011 860 censetis,
1034 787 1133 862 Quiri-

153 880 220 934 tcsl
240 872 277 932 its
292 886 333 932 ex
354 871 491 932 obsceno
507 869 643 930 samario
660 867 780 932 eductis
797 885 886 932 ‚armo
897 871 1137 932 committenda?

151 957 183 1016 hi
200 954 338 1030 cooperti
354 955 469 1030 stupris
480 953 546 1014 suis
558 951 730 1028 alienisque
740 969 797 1028 pro
809 952 957 1028 pudicitie
966 953 1133 1030 coniugum

151 1055 188 1099 nc
203 1037 369 1099 liberorum
389 1044 563 1098 vestrorum
577 1037 657 1097 terro
673 1035 888 1098 decernent‘l
908 1036 988 1098 xvt.
1010 1038 1134 1112 ,minus

150 1130 251 1183 minen
272 1128 370 1194 esset,
392 1121 419 1181 si
439 1119 562 1195 flagitiis
576 1125 692 1179 tontum
706 1117 871 1180 effeminati
885 1119 1035 1180 torent-
1045 1119 1134 1195 ipso·

151 1221 219 1266 rum
245 1205 278 1265 id
297 1220 409 1280 magno
428 1220 469 1265 ex
489 1209 575 1280 parte
595 1201 732 1264 dedecus
753 1209 887 1275 erat—,v
904 1218 924 1268 e
943 1203 1133 1270 facinoribus

151 1303 270 1361 munus,
285 1295 416 1350 mentem
431 1285 623 1348 otiantibus
638 1283 877 1350 abstinuissentt
886 1301 1051 1361 numquam
1064 1295 1134 1347 ten·

151 1377 215 1431 tum
228 1372 340 1432 mulum
354 1372 384 1430 in
398 1386 433 1431 re
446 1370 571 1445 publico
584 1368 654 1440 fuit,
670 1383 728 1428 nec
742 1369 782 1428 cd
796 1370 901 1444 plures
916 1378 975 1429 nec
988 1370 1028 1430 od
1042 1371 1135 1444 plura

152 1451 318 1528 pertinens.
353 1450 505 1528 quidquid
518 1451 567 1512 his
581 1450 670 1511 annis
685 1449 826 1526 libidine,
848 1450 999 1528 quidquid
1012 1453 1134 1526 fraude,

152 1535 302 1611 quidquid
323 1536 441 1596 scelere
460 1541 621 1610 peccatum
638 1540 701 1607 est,
722 1549 763 1595 ex
777 1534 828 1595 illo
843 1551 905 1596 uno
920 1536 1055 1600 murano
1071 1537 1134 1596 sci-

151 1625 214 1680 tote
229 1625 328 1678 ortum
342 1633 424 1680 esse.
457 1616 589 1679 necdum
602 1616 720 1690 omnia,
742 1616 773 1677 ln
789 1627 870 1692 quc'e
885 1617 1139 1694 conturovemnt,

151 1699 232 1763 edita
247 1702 383 1763 facinora
393 1701 514 1762 habent.
536 1700 638 1761 adnuo
649 1698 898 1775 privatisnoxiis,
914 1702 985 1777 quic
996 1701 1136 1763 nondum

152 1786 271 1846 adrem
291 1785 444 1860 publicem
464 1783 696 1861 opprimendum
717 1784 792 1844 satis
806 1783 920 1850 ‚viuum
941 1792 1004 1856 est,
1026 1785 1137 1846 coniu-

150 1868 228 1929 ratio
249 1884 321 1930 sese
342 1869 435 1943 impia
454 1874 546 1929 tenet.
574 1869 686 1929 crescit
705 1875 736 1929 et
749 1865 845 1942 serpit
859 1866 997 1942 quotidie
1008 1869 1137 1929 melum.

151 1952 210 2012 ium
225 1951 323 2012 maius
339 1960 401 2024 est,
424 1967 514 2028 quam
529 1958 563 2013 ut
577 1967 690 2028 cepere
702 1951 735 2011 id
749 1950 868 2026 privetu
882 1951 1003 2012 fortuna
1016 1951 1137 2026 possita

150 2035 191 2094 ed
207 2051 357 2095 summam
377 2050 442 2094 rem
457 2033 610 2108 publicam
625 2041 754 2108 spectet.
775 2033 834 2095 nisi
844 2035 1050 2111 praecavetis,
1061 2033 1136 2108 Qui·

151 2117 240 2188 nites,
256 2116 315 2176 iem
330 2115 402 2176 huic
416 2117 558 2190 dirnnoc,
574 2115 706 2191 legitime
719 2117 759 2177 eb
774 2119 901 2179 consule
915 2125 1059 2190 vocatae,
1075 2133 1139 2193 par

151 2207 300 2259 nocturna
315 2199 417 2259 contio
433 2213 505 2258 esse
519 2199 639 2273 poterit
661 2215 744 2260 nunc
756 2199 799 2260 illi
813 2217 873 2262 vos
883 2198 995 2276 singuli
1006 2201 1134 2262 univer·

151 2297 205 2342 sos
221 2280 432 2344 contionantes
445 2282 566 2342 timent=
590 2279 651 2341 iarn
665 2283 717 2342 ubi
733 2299 789 2344 vos
805 2283 916 2358 dilapsi
931 2285 1042 2344 domos
1057 2290 1089 2344 ct
1101 2283 1137 2344 in

149 2381 223 2424 rura
236 2370 340 2427 vestra
354 2362 447 2437 critis,
463 2363 505 2424 illi
521 2364 657 2438 coierint,
676 2366 893 2428 consultabunt
906 2367 946 2427 de
961 2383 1020 2428 suu
1033 2368 1138 2429 seluto

150 2446 241 2508 simul
266 2463 303 2508 ac
330 2454 433 2507 vestra
455 2447 607 2522 pernicie:
639 2454 703 2507 wm
727 2447 857 2523 stngmts
880 2447 971 2510 vobis
994 2449 1138 2510 unlvecsi

151 2531 274 2592 timendi
293 2538 390 2592 erunt.
424 2537 532 2606 optare
545 2528 636 2605 igilm
649 2530 866 2606 unusqmsque
878 2539 1015 2594 vestrum
1031 2533 1136 2607 debet,

151 2623 183 2677 ut
195 2613 279 2676 bona
293 2629 381 2676 mens
392 2611 459 2677 stris
472 2611 612 2674 omnlbus
624 2613 723 2675 norit.
744 2614 772 2675 si
784 2629 875 2690 quem
887 2613 992 2690 libido,
1007 2615 1035 2676 si
1046 2617 1139 2677 furor

150 2696 180 2757 in
201 2698 285 2759 illum
310 2698 457 2774 gurgitem
479 2696 626 2772 abripuit,
650 2695 769 2758 illorum
790 2713 861 2782 eum
880 2713 951 2758 cum
970 2698 1084 2774 quibus
1103 2701 1136 2760 in

151 2795 242 2841 omne
262 2779 410 2856 flagitium
431 2788 462 2842 et
482 2781 602 2840 lacinus
623 2779 808 2853 coniuravit,
830 2797 893 2842 non
913 2797 1003 2842 suum
1016 2780 1137 2844 iudicet

149 2878 231 2923 esse.
258 2879 298 2922 ne
313 2861 383 2938 quis
398 2861 489 2923 etiem
503 2877 608 2923 errore
623 2863 742 2924 labetur
754 2871 891 2925 vestrum
907 2881 1047 2940 quoque,
1068 2880 1135 2928 nou

151 2962 218 3006 sum
240 2961 380 3006 securus,
413 2944 486 3005 nihil
508 2946 639 3007 enimin
660 2945 796 3023 speciem
817 2946 956 3010 fallacius
976 2954 1026 3010 est
1040 2965 1135 3025 quam

149 3045 246 3105 prava
260 3028 377 3104 religio.
397 3029 451 3091 ubi
466 3030 594 3092 deorum
608 3045 718 3092 numen
731 3031 939 3106 praetenditur
950 3032 1132 3107 sceleribus,

149 3112 232 3173 subit
250 3113 384 3174 animum
404 3114 508 3188 timor,
534 3130 574 3175 ne
594 3115 752 3176 fraudibus
774 3114 915 3176 humenis
935 3113 1136 3177 vindicandis

149 3194 244 3256 divini
258 3196 333 3258 iuris
348 3197 465 3273 aliquid
479 3195 646 3259 immixtum
660 3199 819 3259 violentus.
840 3197 899 3258 hac
912 3215 970 3260 vos
981 3198 1134 3274 religiono

149 3279 380 3340 innumerabilia
402 3281 525 3342 decreta
540 3282 734 3357 pontificum,
756 3289 882 3342 senatus
898 3284 1053 3357 consuto,
1075 3283 1131 3343 lia-

149 3364 306 3440 ruspicum
319 3365 453 3440 denique
463 3379 617 3441 responsa
628 3363 763 3426 liberant.
785 3365 927 3439 quotiens
937 3365 997 3426 hoc
1009 3372 1131 3442 patrum

149 3463 339 3525 avorumque
359 3453 458 3510 aetate
478 3449 633 3522 negotium
654 3453 703 3508 est
715 3445 941 3523 magistratibus
956 3447 1078 3524 domm,
1098 3457 1131 3511 ut
