2328 3870
191 247 306 310 maun
316 247 390 310 xun.
414 245 793 328 CAP.11.1n.[a.c.1·ttl
920 247 984 312 nne

27 396 140 470 intendit,
154 411 332 471 amnemque
348 395 615 474 praeterfluentem
630 398 761 471 moenia,
778 399 831 473 qui
845 406 876 460 et
887 400 984 475 impe·

29 483 134 540 dineuto
155 481 401 556 oppugnantibus
423 489 487 539 erat
507 490 538 540 et
557 481 753 555 aquationem
768 481 879 542 Histris
895 497 982 557 prae·

30 564 102 636 bebat,
115 564 272 624 multorum
285 564 401 623 dierum
417 579 512 639 opere
523 574 687 640 exceptum
697 580 780 626 novo
793 567 882 626 niveo
896 581 983 626 aver·

30 649 58 706 dt.
73 663 103 707 ea
115 663 162 708 res
172 645 324 708 barbaros
335 647 481 708 miraculo
494 650 599 710 terruit
610 649 752 709 abscisae
763 663 881 723 aquae3
903 657 934 708 et
944 663 983 708 ne

27 739 73 790 tum
85 730 195 806 quidem
210 745 364 792 memores
380 732 475 806 pacis,
492 731 522 790 in
538 732 665 791 caedem
679 733 845 806 coniugum
859 747 897 792 ac
908 731 982 792 libe·

27 830 103 874 rorum
120 815 215 888 versi,
242 814 333 876 etiam
358 823 391 877 ut
413 818 591 889 spectaculo
611 814 753 876 hostibus
774 823 836 876 tam
857 817 982 878 foedum

26 896 117 957 focinus
136 905 233 972 esset,
256 901 358 974 palam
379 900 408 958 in
430 900 524 959 muris
546 899 715 961 trucidatos
732 899 982 976 praecipitabant.

26 980 83 1039 inter
93 980 174 1042 simul
189 982 465 1057 complorationem
480 983 660 1042 seminarum
673 999 917 1060 puerorumque,
940 985 982 1045 si-

26 1066 69 1122 mul
86 1066 241 1126 nefandam
263 1067 405 1139 caedem,
428 1067 538 1126 milites
557 1068 744 1141 transgressi
761 1081 879 1128 murum
894 1068 983 1144 oppi-

27 1145 79 1206 dum
97 1147 249 1210 intrarunt.
283 1151 370 1210 cuius
391 1149 472 1227 capti
493 1150 650 1211 tumultum
670 1158 705 1209 ut
725 1165 764 1209 ex
787 1150 900 1225 pavido
923 1153 983 1211 cla-

26 1246 87 1290 more
98 1233 269 1307 fugientium
285 1233 404 1310 accepit
417 1249 489 1308 rex,
507 1233 625 1294 traiecit
639 1235 720 1293 lerro
735 1240 860 1308 pectus,
882 1249 922 1294 ne
935 1234 981 1293 vi·

24 1327 66 1374 nus
78 1324 244 1390 caperetur:
265 1319 359 1395 ceteri
373 1317 454 1392 capti
466 1323 517 1376 aut
529 1316 633 1378 occisi.
658 1317 719 1377 dno
732 1317 845 1376 deinde
857 1317 983 1393 oppida,

25 1395 103 1458 llutila
115 1406 142 1459 et
153 1399 294 1473 Faveria,
311 1401 341 1460 vi
356 1407 447 1477 capta
462 1409 493 1461 et
510 1401 619 1460 deleta.
651 1401 782 1475 praeda,
799 1401 875 1462 utin
892 1409 984 1477 geute

25 1480 99 1556 inopi,
122 1500 175 1560 spe
195 1487 296 1545 maior
310 1485 379 1557 luit,
407 1493 437 1546 et
457 1485 556 1545 omnis
582 1485 727 1546 militibus
748 1499 901 1548 concessa
926 1494 983 1546 est.

28 1565 132 1642 quinque
149 1568 232 1629 milia
254 1569 388 1646 capitum
410 1577 557 1629 sexcenta
578 1569 699 1643 triginta
716 1569 778 1629 duo
794 1570 852 1629 sub
868 1584 984 1630 corona

27 1648 160 1711 venierunt.
189 1661 336 1714 auctores
356 1652 429 1713 belli
448 1653 543 1727 virgis
564 1652 648 1713 caesi
669 1659 699 1713 et
713 1654 815 1712 securi
831 1654 983 1727 percussi.

27 1728 110 1794 Histria
121 1744 181 1796 tota
194 1737 288 1797 trium
303 1737 485 1812 oppidorum
498 1735 619 1796 excidio
632 1743 662 1795 et
672 1742 768 1794 morte
779 1738 861 1810 regis
874 1745 984 1811 pacata

28 1821 70 1886 osb
87 1834 248 1896 omnesque
269 1821 406 1896 undique
427 1821 535 1896 populi
560 1817 721 1879 obsidibus
744 1818 824 1880 datis
844 1820 873 1876 in
889 1819 983 1880 dicio·

27 1912 75 1959 nem
87 1912 239 1965 venerunt.

89 1984 143 2047 Sub
154 1987 281 2048 Histrici
293 1987 383 2048 finem
395 1988 468 2048 belli
479 1988 699 2064 apudLigures
712 1985 841 2048 coucilia
851 1986 891 2044 de
902 1984 983 2046 bello

27 2063 105 2128 baberi
122 2081 242 2148 coepta.
272 2072 336 2132 Xll.
357 2072 401 2132 li.
419 2072 564 2133 Claudius
586 2070 769 2147 proconsul,
793 2069 846 2143 qui
862 2077 985 2145 praetor

29 2149 101 2220 priore
123 2171 199 2216 anno
229 2157 342 2228 luerat,
369 2173 437 2216 cum
464 2157 619 2232 praesidio
640 2155 771 2229 legionis
791 2153 883 2214 unius
903 2153 983 2214 Pisis

29 2247 145 2304 praeerat.
177 2239 269 2302 cuius
290 2240 395 2300 litteris
419 2248 544 2300 senatus
567 2239 679 2300 certior
699 2240 798 2299 lactus
821 2254 875 2298 eas
896 2238 982 2314 ipsas

30 2314 114 2381 litteras
127 2323 164 2383 ad
181 2323 212 2386 c.
232 2321 391 2384 claudium
404 2357 448 2368 -
462 2338 532 2384 nam
546 2323 623 2384 alter
636 2325 745 2384 consul
759 2323 820 2383 iam
834 2324 864 2382 in
880 2319 984 2382 Sardi·

30 2398 86 2462 tiam
99 2407 255 2470 traiecerat
267 2440 311 2454 -
323 2406 508 2468 deserendas
524 2415 644 2481 censet,
666 2416 697 2467 et
711 2407 804 2467 adicit
818 2406 983 2481 decretum,

28 2487 140 2556 quoniam
153 2491 269 2553 Histria
284 2491 443 2567 provincia
458 2493 599 2552 conlecta
613 2499 711 2564 esset,
733 2489 761 2549 sl
775 2491 803 2550 ei
817 2489 983 2562 videretur,

5 2617 7 2672 ι
28 2573 162 2635 exercitum
174 2575 351 2636 traduceret
362 2575 391 2634 in
402 2575 540 2651 Ligures.
560 2575 650 2634 simul
665 2590 705 2633 ex
719 2574 823 2632 litteris
836 2573 982 2647 consulis,

6 2687 7 2700 .
31 2663 86 2722 quas
99 2657 238 2720 derebus
257 2660 286 2719 in
298 2659 412 2718 Histria
426 2658 522 2734 gestis
537 2657 713 2732 scripserat,
729 2658 760 2715 in
774 2654 900 2714 biduum
910 2671 983 2729 sup·

30 2732 123 2804 llicatio
143 2743 276 2804 decreta.
308 2751 338 2803 et
358 2743 397 2802 ab
417 2744 513 2803 altero
536 2740 665 2800 consule
682 2740 727 2799 Ti
747 2737 930 2812 Sempronio
953 2739 983 2798 in

31 2813 139 2884 Sardinia
157 2843 310 2902 prospere
323 2843 374 2888 res
395 2835 493 2902 gesta.
521 2825 687 2886 exercitum
704 2823 733 2882 in
749 2837 855 2897 agrum
871 2820 986 2884 Sardo

33 2907 233 2970 mutinensium
255 2911 389 2971 induxit:
411 2911 591 2970 Balarorum
614 2924 725 2984 magna
740 2905 853 2967 auxilia
866 2907 985 2968 Iliensi·

33 2978 71 3044 bos
81 3003 230 3055 venerante
254 3010 323 3057 cum
338 3001 469 3069 utraque
482 3000 575 3070 gente
590 2995 688 3071 signis
703 2992 821 3053 collatis
836 2990 985 3052 conflixit.

6 3149 7 3152 Ἴ
32 3063 74 3126 lusi
90 3075 237 3154 fugatique
257 3077 380 3152 hosteS,
403 3079 576 3152 castrisque
596 3079 695 3151 exuti,
718 3077 880 3137 duodecim
902 3076 985 3136 milia

6 3199 7 3242 ;
33 3163 183 3221 unatomnn
204 3177 305 3221 caesa.
335 3169 462 3236 postero
483 3163 633 3223 die'arma'
646 3162 725 3221 lecta
740 3158 839 3221 conici
854 3161 883 3218 in
899 3175 985 3221 acer·
1061 3187 1068 3196 ·

6 3261 7 3284 .
33 3246 82 3296 tum
94 3241 173 3304 iussit
185 3247 302 3321 consul,
319 3261 504 3321 sacrumque
515 3246 546 3305 ld
557 3247 697 3305 Vulcano
710 3243 865 3306 cremavit.
886 3245 983 3304 victo-

6 3325 8 3388 r
35 3329 79 3378 iim
94 3329 250 3390 exercitum
272 3329 302 3391 in
324 3328 452 3390 hiberna
478 3328 631 3390 sociarum
652 3328 770 3389 urbium
791 3325 922 3388 reduxit.
955 3333 986 3384 et

7 3449 8 3452 ,
38 3395 58 3457 C·
68 3403 190 3472 Claudius
206 3413 313 3474 litteris
327 3411 369 3472 Ti.
382 3413 499 3474 Claudii
514 3418 543 3472 et
558 3418 683 3473 senatus
699 3406 840 3471 consulto
856 3414 984 3480 accepto

7 3531 8 3538 .
36 3493 63 3542 tt
72 3487 168 3554 Histria
183 3497 320 3573 legiones
335 3499 364 3558 in
380 3497 508 3574 ligures
520 3495 701 3557 transduxit.
731 3495 771 3552 ad
788 3491 984 3552 Scultennam

68 3585 87 3628 t.
99 3589 152 3635 nrvr
165 3596 239 3639 raas
252 3582 292 3640 V.
758 3581 777 3632 8
