2328 3870
167 237 232 301 130
363 237 477 300 LIBER
491 235 579 297 xLli.
603 235 686 296 CAP-
702 245 728 296 1.
750 241 787 309 [a.
800 241 836 294 U.
847 257 872 292 c.
883 239 946 308 di9}

483 481 628 579 llll
665 481 808 576 livi

399 763 400 768 Ν
438 647 492 707 an
520 646 637 709 onan
667 643 870 708 couniri

540 779 653 842 LIBER
674 774 760 838 nin.

178 1014 327 1068 ltl’l'lOllll.
356 1013 387 1073 Q.
407 1013 510 1063 Fulvius
529 1014 634 1064 Flaccus
658 1027 747 1064 censor
763 1010 885 1077 templum
903 1010 1006 1059 lunonis
1022 1008 1120 1058 Laciniae

212 1083 307 1150 tegulis
324 1083 473 1132 marmoreis
491 1082 624 1148 spoliarit,
642 1090 669 1132 ut
687 1082 776 1131 aedem
792 1093 868 1144 qnam
888 1077 1020 1129 dedicabat
1034 1083 1120 1141 tegeret.
1159 1083 1161 1106 ¹

212 1153 313 1220 tegulae
330 1167 361 1202 ex
379 1159 482 1200 senatus
500 1151 615 1202 eouaulto
632 1157 783 1216 reportatae.
818 1148 944 1198 Eumenes
963 1146 1036 1196 Asiae
1049 1159 1088 1193 rex
1101 1145 1121 1190 io
1160 1201 1161 1206 ¹

218 1229 307 1272 senatu
326 1221 358 1270 de
376 1221 468 1270 Perseo
489 1220 652 1272 Macedoniae
669 1233 730 1284 rege
747 1225 853 1280 questus
868 1223 923 1274 est;
946 1216 1017 1264 onius
1033 1212 1127 1273 iniuriae¹
1160 1223 1161 1270 ζ

216 1293 243 1340 iu
258 1288 379 1356 populum
398 1290 538 1340 Romanum
558 1288 709 1338 referuntur.
742 1287 775 1336 ob
793 1299 856 1349 quoa
875 1283 943 1334 bello
962 1284 986 1332 ei
1001 1282 1085 1332 indicto
1098 1279 1120 1328 l.
1160 1273 1161 1296 ³

213 1359 327 1410 Licinius
342 1357 447 1406 Crassus
466 1357 567 1418 consul,
585 1357 626 1406 oni
643 1357 670 1406 id
688 1354 832 1405 mandatnm
851 1359 912 1414 erat,
931 1354 958 1402 iu
972 1348 1120 1402 Macedonian

213 1427 320 1484 transiit,
339 1425 487 1486 levibusque
499 1425 712 1490 expeditionibus,
732 1421 890 1486 equestribus
901 1421 1014 1487 proeliis,
1025 1420 1049 1467 in
1058 1415 1119 1466 Thes·

216 1494 281 1544 salia
298 1491 354 1542 eu'm
371 1493 462 1542 Perseo
479 1507 570 1558 parurn
586 1492 653 1542 retici
672 1501 763 1542 eventu
779 1491 913 1558 pugnavit.
945 1491 1010 1540 inter
1025 1483 1128 1542 Masinis,
1159 1499 1161 1558 ἐ

214 1577 267 1613 sam
286 1571 311 1612 et
327 1560 547 1625 Carthaginienses
563 1562 595 1611 de
612 1575 675 1626 agro
690 1561 805 1622 quaestio
821 1559 877 1619 luit,
895 1559 951 1609 dies
969 1558 1006 1608 eis
1016 1555 1046 1606 ad
1057 1553 1119 1603 disee·

213 1631 336 1697 pnndum
358 1645 374 1678 a
391 1636 479 1679 senatu
503 1631 588 1680 datus.
621 1629 699 1695 legati
722 1628 794 1678 missi
814 1629 850 1679 ad
872 1629 988 1680 civitates
1013 1623 1085 1674 socias
1102 1623 1119 1666 tt

215 1714 289 1766 reges
313 1699 441 1764 rogandos
465 1705 493 1746 ut
511 1698 536 1748 in
554 1697 604 1748 lide
622 1703 810 1764 permanerent,
833 1697 1006 1747 dubitantibus
1024 1687 1118 1740 Rhodiis.
1160 1755 1161 1758 Ἴ

215 1769 322 1818 lustrum
340 1782 356 1815 o
371 1766 517 1816 censoribus
538 1765 668 1816 eonditum
693 1774 744 1816 est:
771 1779 847 1816 censa
868 1772 928 1816 aunt
949 1765 1037 1815 civium
1054 1755 1119 1820 capita
1159 1763 1161 1798 i

215 1838 322 1887 ducenta
338 1835 521 1901 quinquaginta
538 1843 634 1900 septem
655 1835 723 1885 milia
742 1835 848 1885 ducenta
870 1835 974 1900 triginta
991 1842 1069 1880 unum.
1090 1835 1119 1871 ret
1159 1799 1161 1878 i

215 1914 346 1972 praeterea
364 1906 489 1955 adversus
507 1904 599 1954 Corsos
618 1912 642 1954 et
657 1903 763 1970 Ligures
782 1916 903 1968 prospere
920 1909 1005 1968 gestas
1022 1894 1118 1946 eontinet.
1159 1891 1161 1982 i

144 2016 146 2022 Ι
249 2059 272 2116 Ι.
300 2058 333 2117 L.
355 2056 528 2116 Postumius
552 2055 682 2114 Albinus
703 2054 742 2112 M.
763 2051 909 2127 Popillius
929 2054 1045 2114 Laenas
1068 2057 1121 2103 cun
1159 1993 1161 2068 M

164 2142 297 2204 omnium
313 2140 441 2214 primum
456 2138 496 2197 de
511 2137 677 2213 provinciis
692 2137 940 2212 exercitibusque
954 2136 992 2196 ad
1004 2135 1121 2194 senatun
1159 2121 1161 2184 5

163 2224 364 2295 rettulissent,
380 2222 506 2295 Ligures
521 2221 643 2295 utrique
657 2219 772 2281 decreti
787 2227 866 2293 sunt,
882 2226 915 2282 ut
929 2233 1026 2283 novas
1039 2210 1120 2278 ambo,
1159 2189 1161 2228 ⁴

165 2308 275 2384 quibus
290 2319 357 2366 earn
373 2303 562 2378 provinciam
578 2304 755 2378 obtinerent,
773 2305 912 2380 legiones
927 2339 965 2350 -
977 2302 1062 2363 binae
1074 2291 1121 2354 sin·

163 2391 240 2466 gulis
257 2390 397 2448 decretae
413 2421 448 2432 -
463 2396 493 2449 et
507 2386 624 2450 socium
638 2387 736 2448 Latini
754 2388 885 2449 nominis
901 2389 982 2449 dena
995 2381 1070 2444 milia
1081 2389 1121 2470 ΙΜ·
1160 2379 1161 2440 ]

163 2475 257 2535 ditum
268 2479 298 2532 et
310 2486 462 2533 sexcenos
473 2472 601 2548 equites,
615 2480 645 2532 et
656 2472 899 2547 supplementum
910 2465 1122 2547 Hispaniaetrn
1160 2531 1161 2534 Ἴ

163 2557 244 2619 milia
257 2557 394 2633 peditum
403 2557 610 2618 Romanorum
625 2554 794 2616 scriberent
807 2562 838 2615 et
851 2556 999 2617 ducentos
1013 2545 1120 2624 equites.

163 2642 281 2703 adhoc
306 2641 386 2701 mille
406 2646 437 2700 et
457 2640 612 2716 quingenti
639 2639 758 2715 pedites
778 2639 907 2700 Romani
933 2654 1000 2700 cum
1022 2634 1121 2719 centon

164 2725 317 2802 equitibus
340 2724 432 2786 scribi
453 2725 545 2797 iussi,
567 2739 636 2783 eum
655 2723 766 2797 quibus
782 2729 920 2798 praetor,
939 2722 987 2784 cui
1002 2710 1122 2778 Sardinia

164 2811 338 2884 obtigisset,
358 2809 389 2866 in
404 2807 560 2867 Corsicam
580 2813 792 2878 transgressus
808 2807 919 2867 bellum
940 2803 1068 2882 gereret
1087 2791 1121 2849 in·
1158 2825 1161 2838 ·

163 2890 249 2952 terim
264 2892 303 2949 Μ.
319 2890 430 2951 Atilius
450 2897 538 2951 vetus
560 2893 683 2963 praetor
703 2890 892 2962 provinciam
907 2888 1052 2952 obtineret
1065 2876 1120 2966 Sars

164 2975 285 3036 diniam.
315 2979 474 3047 praetores
490 2971 601 3032 deiude
616 2971 791 3046 provincias
807 2973 903 3034 sortiti
919 2979 1001 3045 sunt,
1021 2967 1055 3026 Α.
1069 2959 1119 3019 ΑΜ

163 3059 222 3118 lius
238 3056 388 3117 Serranus
409 3055 570 3126 urbanam,
594 3054 625 3114 C.
641 3054 767 3118 Cluvius
783 3056 897 3118 Saxula
917 3056 995 3119 inter
1011 3047 1086 3112 cives
1099 3039 1121 3094 Μ

162 3139 357 3217 peregrinos,
379 3139 415 3198 N.
436 3137 549 3199 Fabius
570 3139 667 3198 Buteo
687 3140 866 3216 Hispaniam
891 3139 1068 3200 citeriorem,
1089 3117 1120 3214 Μ

161 3223 312 3284 Matienus
327 3224 516 3296 ulteriorem,
532 3221 573 3282 Μ.
587 3222 697 3284 Furius
713 3220 874 3300 Crassipes
889 3222 1028 3291 Siciliam,
1043 3212 1070 3272 C·
1084 3203 1115 3262 Μ’

163 3306 282 3368 oereius
299 3306 478 3367 Sardiniam.
513 3306 692 3381 priusquam
710 3309 745 3380 tin
759 3306 936 3384 provincias
947 3293 1122 3378 magistratus

162 3392 447 3469 proficiscerentur,
469 3391 587 3449 senatui
603 3391 716 3464 placuit
729 3391 762 3450 L.
778 3390 965 3451 Postumium
980 3375 1119 3469 consulern

161 3474 200 3535 ed
216 3491 321 3550 agrum
338 3472 490 3551 publicum
507 3473 656 3549 aprivato
670 3474 889 3534 terminandum
904 3471 934 3532 in
947 3463 1120 3543 campanam
