<?xml version="1.0" encoding="UTF-8"?>
<!DOCTYPE html PUBLIC "-//W3C//DTD XHTML 1.0 Transitional//EN"
    "http://www.w3.org/TR/xhtml1/DTD/xhtml1-transitional.dtd">
<html xmlns="http://www.w3.org/1999/xhtml" xml:lang="en" lang="en">
 <head>
  <title>
</title>
<meta http-equiv="Content-Type" content="text/html;charset=utf-8" />
  <meta name='ocr-system' content='tesseract 3.04.00' />
  <meta name='ocr-capabilities' content='ocr_page ocr_carea ocr_par ocr_line ocrx_word'/>
</head>
<body>
  <div class='ocr_page' id='page_1' title='image "./titiliviaburbec01livygoog_0084.png"; bbox 0 0 2424 3872; ppageno 0'>
   <div class='ocr_carea' id='block_1_1' title="bbox 169 217 955 292">
    <p class='ocr_par' dir='ltr' id='par_1_1' title="bbox 169 217 955 292">
     <span class='ocr_line' id='line_1_1' title="bbox 169 217 955 292; baseline -0.01 -5"><span class='ocrx_word' id='word_1_1' title='bbox 169 223 211 287; x_wconf 83' lang='grc'><strong>56</strong></span> <span class='ocrx_word' id='word_1_2' title='bbox 405 219 520 281; x_wconf 81' lang='lat' dir='ltr'>LIBER</span> <span class='ocrx_word' id='word_1_3' title='bbox 529 219 591 278; x_wconf 80' lang='lat' dir='ltr'><strong>xi.</strong></span> <span class='ocrx_word' id='word_1_4' title='bbox 613 217 696 279; x_wconf 74' lang='lat' dir='ltr'><strong>cni.</strong></span> <span class='ocrx_word' id='word_1_5' title='bbox 708 227 736 280; x_wconf 79' lang='lat'><strong>5.</strong></span> <span class='ocrx_word' id='word_1_6' title='bbox 759 223 796 292; x_wconf 78' lang='lat' dir='ltr'><strong>[a.</strong></span> <span class='ocrx_word' id='word_1_7' title='bbox 807 222 844 278; x_wconf 86' lang='lat' dir='ltr'><strong>U.</strong></span> <span class='ocrx_word' id='word_1_8' title='bbox 854 239 879 275; x_wconf 87' lang='lat' dir='ltr'><strong>c.</strong></span> <span class='ocrx_word' id='word_1_9' title='bbox 891 223 955 290; x_wconf 79' lang='lat' dir='ltr'><strong>aio]</strong></span> 
     </span>
    </p>
   </div>
   <div class='ocr_carea' id='block_1_2' title="bbox 169 367 1211 3370">
    <p class='ocr_par' dir='ltr' id='par_1_2' title="bbox 169 367 1211 3370">
     <span class='ocr_line' id='line_1_2' title="bbox 169 367 1163 446; baseline -0.004 -13"><span class='ocrx_word' id='word_1_10' title='bbox 169 381 290 443; x_wconf 63' lang='lat' dir='ltr'><strong>rentum</strong></span> <span class='ocrx_word' id='word_1_11' title='bbox 313 386 393 446; x_wconf 86' lang='lat' dir='ltr'><strong>quae</strong></span> <span class='ocrx_word' id='word_1_12' title='bbox 414 369 500 431; x_wconf 92' lang='lat' dir='ltr'><strong>dirae</strong></span> <span class='ocrx_word' id='word_1_13' title='bbox 515 368 600 429; x_wconf 88' lang='lat' dir='ltr'><strong>brevi</strong></span> <span class='ocrx_word' id='word_1_14' title='bbox 615 367 654 427; x_wconf 91' lang='lat' dir='ltr'><strong>ab</strong></span> <span class='ocrx_word' id='word_1_15' title='bbox 679 367 821 429; x_wconf 87' lang='lat' dir='ltr'><strong>omnibus</strong></span> <span class='ocrx_word' id='word_1_16' title='bbox 841 368 901 428; x_wconf 90' lang='lat' dir='ltr'><strong>diis</strong></span> <span class='ocrx_word' id='word_1_17' title='bbox 922 369 1106 443; x_wconf 73' lang='lat' dir='ltr'><strong>exauditae,</strong></span> <span class='ocrx_word' id='word_1_18' title='bbox 1126 375 1163 431; x_wconf 91' lang='lat' dir='ltr'><strong>ut</strong></span> 
     </span>
     <span class='ocr_line' id='line_1_3' title="bbox 170 450 1164 531; baseline -0.003 -14"><span class='ocrx_word' id='word_1_19' title='bbox 170 457 304 518; x_wconf 90' lang='lat' dir='ltr'><strong>saeviret</strong></span> <span class='ocrx_word' id='word_1_20' title='bbox 328 455 396 531; x_wconf 89' lang='lat' dir='ltr'><strong>ipse</strong></span> <span class='ocrx_word' id='word_1_21' title='bbox 428 454 458 513; x_wconf 95' lang='lat' dir='ltr'><strong>in</strong></span> <span class='ocrx_word' id='word_1_22' title='bbox 483 465 572 513; x_wconf 86' lang='lat' dir='ltr'><strong>suum</strong></span> <span class='ocrx_word' id='word_1_23' title='bbox 590 452 787 527; x_wconf 87' lang='lat' dir='ltr'><strong>sanguinem,</strong></span> <span class='ocrx_word' id='word_1_24' title='bbox 812 450 991 512; x_wconf 80' lang='lat' dir='ltr'><strong>effecerunt.</strong></span> <span class='ocrx_word' id='word_1_25' title='bbox 1020 451 1164 514; x_wconf 84' lang='lat' dir='ltr'><strong>Perseus</strong></span> 
     </span>
     <span class='ocr_line' id='line_1_4' title="bbox 171 534 1164 611; baseline -0.005 -10"><span class='ocrx_word' id='word_1_26' title='bbox 171 540 250 602; x_wconf 89' lang='lat' dir='ltr'><strong>enim</strong></span> <span class='ocrx_word' id='word_1_27' title='bbox 266 553 335 600; x_wconf 92' lang='lat' dir='ltr'><strong>cum</strong></span> <span class='ocrx_word' id='word_1_28' title='bbox 350 539 380 597; x_wconf 94' lang='lat' dir='ltr'><strong>in</strong></span> <span class='ocrx_word' id='word_1_29' title='bbox 395 537 463 597; x_wconf 90' lang='lat' dir='ltr'><strong>dies</strong></span> <span class='ocrx_word' id='word_1_30' title='bbox 479 536 577 610; x_wconf 89' lang='lat' dir='ltr'><strong>magis</strong></span> <span class='ocrx_word' id='word_1_31' title='bbox 590 542 731 596; x_wconf 85' lang='lat' dir='ltr'><strong>cerneret</strong></span> <span class='ocrx_word' id='word_1_32' title='bbox 752 537 890 596; x_wconf 85' lang='lat' dir='ltr'><strong>lavarem</strong></span> <span class='ocrx_word' id='word_1_33' title='bbox 910 534 1164 611; x_wconf 75' lang='lat' dir='ltr'><strong>dignitatemque</strong></span> 
     </span>
     <span class='ocr_line' id='line_1_5' title="bbox 171 618 1164 695; baseline -0.007 -9"><span class='ocrx_word' id='word_1_34' title='bbox 171 623 315 685; x_wconf 89' lang='lat' dir='ltr'><strong>Demetrii</strong></span> <span class='ocrx_word' id='word_1_35' title='bbox 330 621 430 681; x_wconf 85' lang='lat' dir='ltr'><strong>tratris</strong></span> <span class='ocrx_word' id='word_1_36' title='bbox 447 619 530 695; x_wconf 89' lang='lat' dir='ltr'><strong>apud</strong></span> <span class='ocrx_word' id='word_1_37' title='bbox 545 618 763 679; x_wconf 78' lang='lat' dir='ltr'><strong>multitudinem</strong></span> <span class='ocrx_word' id='word_1_38' title='bbox 784 619 989 680; x_wconf 72' lang='lat' dir='ltr'><strong>Macedonum</strong></span> <span class='ocrx_word' id='word_1_39' title='bbox 1011 633 1164 679; x_wconf 79' lang='lat' dir='ltr'><strong>crescam</strong></span> 
     </span>
     <span class='ocr_line' id='line_1_6' title="bbox 172 701 1162 784; baseline -0.008 -14"><span class='ocrx_word' id='word_1_40' title='bbox 172 717 202 770; x_wconf 92' lang='lat' dir='ltr'><strong>et</strong></span> <span class='ocrx_word' id='word_1_41' title='bbox 215 707 342 784; x_wconf 74' lang='lat' dir='ltr'><strong>gratim</strong></span> <span class='ocrx_word' id='word_1_42' title='bbox 357 705 441 779; x_wconf 90' lang='lat' dir='ltr'><strong>apud</strong></span> <span class='ocrx_word' id='word_1_43' title='bbox 454 703 627 775; x_wconf 83' lang='lat' dir='ltr'><strong>Romanos,</strong></span> <span class='ocrx_word' id='word_1_44' title='bbox 642 701 701 762; x_wconf 84' lang='lat' dir='ltr'><strong>sibi</strong></span> <span class='ocrx_word' id='word_1_45' title='bbox 716 717 804 778; x_wconf 87' lang='lat' dir='ltr'><strong>spem</strong></span> <span class='ocrx_word' id='word_1_46' title='bbox 818 703 933 763; x_wconf 90' lang='lat' dir='ltr'><strong>nullam</strong></span> <span class='ocrx_word' id='word_1_47' title='bbox 942 703 1030 778; x_wconf 86' lang='lat' dir='ltr'><strong>regni</strong></span> <span class='ocrx_word' id='word_1_48' title='bbox 1044 717 1162 779; x_wconf 85' lang='lat' dir='ltr'><strong>super·</strong></span> 
     </span>
     <span class='ocr_line' id='line_1_7' title="bbox 171 783 1164 861; baseline -0.007 -8"><span class='ocrx_word' id='word_1_49' title='bbox 171 807 243 853; x_wconf 84' lang='lat' dir='ltr'><strong>esse</strong></span> <span class='ocrx_word' id='word_1_50' title='bbox 257 790 316 850; x_wconf 90' lang='lat' dir='ltr'><strong>nisi</strong></span> <span class='ocrx_word' id='word_1_51' title='bbox 331 789 362 848; x_wconf 89' lang='lat' dir='ltr'><strong>ln</strong></span> <span class='ocrx_word' id='word_1_52' title='bbox 376 788 495 847; x_wconf 85' lang='lat' dir='ltr'><strong>scelere</strong></span> <span class='ocrx_word' id='word_1_53' title='bbox 508 791 592 846; x_wconf 91' lang='lat' dir='ltr'><strong>ratus</strong></span> <span class='ocrx_word' id='word_1_54' title='bbox 607 785 647 846; x_wconf 91' lang='lat' dir='ltr'><strong>ad</strong></span> <span class='ocrx_word' id='word_1_55' title='bbox 661 783 694 845; x_wconf 91' lang='lat' dir='ltr'><strong>id</strong></span> <span class='ocrx_word' id='word_1_56' title='bbox 706 801 800 847; x_wconf 82' lang='lat' dir='ltr'><strong>unuin</strong></span> <span class='ocrx_word' id='word_1_57' title='bbox 820 800 929 846; x_wconf 90' lang='lat' dir='ltr'><strong>omnes</strong></span> <span class='ocrx_word' id='word_1_58' title='bbox 950 785 1164 861; x_wconf 85' lang='lat' dir='ltr'><strong>cogitationes</strong></span> 
     </span>
     <span class='ocr_line' id='line_1_8' title="bbox 170 869 1209 946; baseline -0.011 -11"><span class='ocrx_word' id='word_1_59' title='bbox 170 874 307 936; x_wconf 82' lang='lat' dir='ltr'><strong>intendit</strong></span> <span class='ocrx_word' id='word_1_60' title='bbox 341 878 475 932; x_wconf 88' lang='lat' dir='ltr'><strong>ceterum</strong></span> <span class='ocrx_word' id='word_1_61' title='bbox 492 885 561 931; x_wconf 85' lang='lat' dir='ltr'><strong>cum</strong></span> <span class='ocrx_word' id='word_1_62' title='bbox 575 884 664 930; x_wconf 87' lang='lat' dir='ltr'><strong>sene</strong></span> <span class='ocrx_word' id='word_1_63' title='bbox 678 870 719 930; x_wconf 90' lang='lat' dir='ltr'><strong>ad</strong></span> <span class='ocrx_word' id='word_1_64' title='bbox 734 869 765 929; x_wconf 93' lang='lat' dir='ltr'><strong>id</strong></span> <span class='ocrx_word' id='word_1_65' title='bbox 783 870 924 946; x_wconf 90' lang='lat' dir='ltr'><strong>quidem,</strong></span> <span class='ocrx_word' id='word_1_66' title='bbox 947 870 1033 945; x_wconf 90' lang='lat' dir='ltr'><strong>quod</strong></span> <span class='ocrx_word' id='word_1_67' title='bbox 1048 870 1163 930; x_wconf 77' lang='lat' dir='ltr'><strong>mulie-</strong></span> <span class='ocrx_word' id='word_1_68' title='bbox 1207 919 1209 924; x_wconf 81' lang='grc'>,</span> 
     </span>
     <span class='ocr_line' id='line_1_9' title="bbox 170 953 1164 1032; baseline -0.005 -14"><span class='ocrx_word' id='word_1_69' title='bbox 170 959 217 1018; x_wconf 89' lang='lat' dir='ltr'><strong>bri</strong></span> <span class='ocrx_word' id='word_1_70' title='bbox 232 956 386 1032; x_wconf 74' lang='lat' dir='ltr'><strong>cogitabat</strong></span> <span class='ocrx_word' id='word_1_71' title='bbox 400 955 518 1029; x_wconf 87' lang='lat' dir='ltr'><strong>animo,</strong></span> <span class='ocrx_word' id='word_1_72' title='bbox 541 954 617 1016; x_wconf 86' lang='lat' dir='ltr'><strong>satis</strong></span> <span class='ocrx_word' id='word_1_73' title='bbox 638 967 694 1028; x_wconf 87' lang='lat' dir='ltr'><strong>per</strong></span> <span class='ocrx_word' id='word_1_74' title='bbox 708 968 743 1014; x_wconf 89' lang='lat' dir='ltr'><strong>se</strong></span> <span class='ocrx_word' id='word_1_75' title='bbox 758 953 892 1013; x_wconf 89' lang='lat' dir='ltr'><strong>validum</strong></span> <span class='ocrx_word' id='word_1_76' title='bbox 913 954 1070 1026; x_wconf 90' lang='lat' dir='ltr'><strong>crederet,</strong></span> <span class='ocrx_word' id='word_1_77' title='bbox 1094 954 1164 1014; x_wconf 88' lang='lat' dir='ltr'><strong>sin·</strong></span> 
     </span>
     <span class='ocr_line' id='line_1_10' title="bbox 171 1037 1165 1116; baseline -0.007 -13"><span class='ocrx_word' id='word_1_78' title='bbox 171 1041 261 1116; x_wconf 83' lang='lat' dir='ltr'><strong>gulos</strong></span> <span class='ocrx_word' id='word_1_79' title='bbox 276 1039 442 1100; x_wconf 88' lang='lat' dir='ltr'><strong>amicorum</strong></span> <span class='ocrx_word' id='word_1_80' title='bbox 455 1038 550 1114; x_wconf 86' lang='lat' dir='ltr'><strong>patris</strong></span> <span class='ocrx_word' id='word_1_81' title='bbox 564 1045 713 1112; x_wconf 90' lang='lat' dir='ltr'><strong>temptare</strong></span> <span class='ocrx_word' id='word_1_82' title='bbox 728 1037 922 1098; x_wconf 85' lang='lat' dir='ltr'><strong>sermonibus</strong></span> <span class='ocrx_word' id='word_1_83' title='bbox 934 1038 1098 1113; x_wconf 83' lang='lat' dir='ltr'><strong>perplexis</strong></span> <span class='ocrx_word' id='word_1_84' title='bbox 1115 1037 1165 1096; x_wconf 91' lang='lat' dir='ltr'><strong>in·</strong></span> 
     </span>
     <span class='ocr_line' id='line_1_11' title="bbox 171 1120 1164 1199; baseline -0.005 -13"><span class='ocrx_word' id='word_1_85' title='bbox 171 1124 254 1186; x_wconf 87' lang='lat' dir='ltr'><strong>stitit</strong></span> <span class='ocrx_word' id='word_1_86' title='bbox 281 1132 312 1185; x_wconf 89' lang='lat' dir='ltr'><strong>et</strong></span> <span class='ocrx_word' id='word_1_87' title='bbox 325 1123 423 1199; x_wconf 83' lang='lat' dir='ltr'><strong>primo</strong></span> <span class='ocrx_word' id='word_1_88' title='bbox 442 1121 566 1198; x_wconf 91' lang='lat' dir='ltr'><strong>quidam</strong></span> <span class='ocrx_word' id='word_1_89' title='bbox 591 1136 631 1181; x_wconf 91' lang='lat' dir='ltr'><strong>ex</strong></span> <span class='ocrx_word' id='word_1_90' title='bbox 654 1120 703 1182; x_wconf 90' lang='lat' dir='ltr'><strong>his</strong></span> <span class='ocrx_word' id='word_1_91' title='bbox 728 1121 958 1196; x_wconf 78' lang='lat' dir='ltr'><strong>aspernantium</strong></span> <span class='ocrx_word' id='word_1_92' title='bbox 984 1123 1047 1181; x_wconf 89' lang='lat' dir='ltr'><strong>tale</strong></span> <span class='ocrx_word' id='word_1_93' title='bbox 1070 1121 1164 1196; x_wconf 88' lang='lat' dir='ltr'><strong>quic·</strong></span> 
     </span>
     <span class='ocr_line' id='line_1_12' title="bbox 172 1203 1165 1285; baseline -0.004 -17"><span class='ocrx_word' id='word_1_94' title='bbox 172 1224 262 1284; x_wconf 92' lang='lat' dir='ltr'><strong>quam</strong></span> <span class='ocrx_word' id='word_1_95' title='bbox 278 1207 484 1285; x_wconf 86' lang='lat' dir='ltr'><strong>praebuerunt</strong></span> <span class='ocrx_word' id='word_1_96' title='bbox 504 1205 655 1282; x_wconf 86' lang='lat' dir='ltr'><strong>speciem,</strong></span> <span class='ocrx_word' id='word_1_97' title='bbox 677 1203 750 1280; x_wconf 90' lang='lat' dir='ltr'><strong>qula</strong></span> <span class='ocrx_word' id='word_1_98' title='bbox 768 1205 838 1280; x_wconf 89' lang='lat' dir='ltr'><strong>pius</strong></span> <span class='ocrx_word' id='word_1_99' title='bbox 859 1205 890 1265; x_wconf 91' lang='lat' dir='ltr'><strong>in</strong></span> <span class='ocrx_word' id='word_1_100' title='bbox 908 1205 1066 1265; x_wconf 86' lang='lat' dir='ltr'><strong>Demetrio</strong></span> <span class='ocrx_word' id='word_1_101' title='bbox 1089 1205 1165 1280; x_wconf 90' lang='lat' dir='ltr'><strong>spei</strong></span> 
     </span>
     <span class='ocr_line' id='line_1_13' title="bbox 170 1285 1210 1374; baseline -0.003 -22"><span class='ocrx_word' id='word_1_102' title='bbox 170 1293 341 1368; x_wconf 74' lang='lat' dir='ltr'><strong>ponebaris</strong></span> <span class='ocrx_word' id='word_1_103' title='bbox 357 1287 469 1349; x_wconf 87' lang='lat' dir='ltr'><strong>deinde</strong></span> <span class='ocrx_word' id='word_1_104' title='bbox 483 1296 642 1348; x_wconf 88' lang='lat' dir='ltr'><strong>crescente</strong></span> <span class='ocrx_word' id='word_1_105' title='bbox 662 1289 693 1347; x_wconf 94' lang='lat' dir='ltr'><strong>in</strong></span> <span class='ocrx_word' id='word_1_106' title='bbox 719 1289 787 1348; x_wconf 83' lang='lat' dir='ltr'><strong>dics</strong></span> <span class='ocrx_word' id='word_1_107' title='bbox 807 1285 938 1363; x_wconf 83' lang='lat' dir='ltr'><strong>Philippi</strong></span> <span class='ocrx_word' id='word_1_108' title='bbox 954 1288 1027 1349; x_wconf 89' lang='lat' dir='ltr'><strong>odio</strong></span> <span class='ocrx_word' id='word_1_109' title='bbox 1042 1289 1076 1347; x_wconf 91' lang='lat' dir='ltr'><strong>in</strong></span> <span class='ocrx_word' id='word_1_110' title='bbox 1093 1290 1161 1350; x_wconf 88' lang='lat' dir='ltr'><strong>Ro·</strong></span> <span class='ocrx_word' id='word_1_111' title='bbox 1208 1369 1210 1374; x_wconf 65' lang='lat'>,</span> 
     </span>
     <span class='ocr_line' id='line_1_14' title="bbox 171 1371 1210 1458; baseline -0.002 -24"><span class='ocrx_word' id='word_1_112' title='bbox 171 1390 294 1448; x_wconf 87' lang='lat' dir='ltr'><strong>manos,</strong></span> <span class='ocrx_word' id='word_1_113' title='bbox 311 1372 360 1434; x_wconf 89' lang='lat' dir='ltr'><strong>cui</strong></span> <span class='ocrx_word' id='word_1_114' title='bbox 368 1371 500 1432; x_wconf 88' lang='lat' dir='ltr'><strong>Perseus</strong></span> <span class='ocrx_word' id='word_1_115' title='bbox 512 1371 698 1446; x_wconf 82' lang='lat' dir='ltr'><strong>indulgeret,</strong></span> <span class='ocrx_word' id='word_1_116' title='bbox 712 1372 882 1432; x_wconf 88' lang='lat' dir='ltr'><strong>Demetrius</strong></span> <span class='ocrx_word' id='word_1_117' title='bbox 894 1383 1015 1432; x_wconf 86' lang='lat' dir='ltr'><strong>summa</strong></span> <span class='ocrx_word' id='word_1_118' title='bbox 1026 1387 1091 1448; x_wconf 88' lang='lat' dir='ltr'><strong>ope</strong></span> <span class='ocrx_word' id='word_1_119' title='bbox 1105 1373 1165 1432; x_wconf 89' lang='lat' dir='ltr'><strong>ad·</strong></span> <span class='ocrx_word' id='word_1_120' title='bbox 1208 1437 1210 1458; x_wconf 21' lang='lat'>9</span> 
     </span>
     <span class='ocr_line' id='line_1_15' title="bbox 171 1454 1165 1530; baseline 0.003 -16"><span class='ocrx_word' id='word_1_121' title='bbox 171 1463 362 1530; x_wconf 88' lang='lat' dir='ltr'><strong>versaretur,</strong></span> <span class='ocrx_word' id='word_1_122' title='bbox 379 1454 604 1530; x_wconf 87' lang='lat' dir='ltr'><strong>prospicientes</strong></span> <span class='ocrx_word' id='word_1_123' title='bbox 626 1455 727 1515; x_wconf 89' lang='lat' dir='ltr'><strong>animo</strong></span> <span class='ocrx_word' id='word_1_124' title='bbox 749 1456 862 1516; x_wconf 87' lang='lat' dir='ltr'><strong>exitum</strong></span> <span class='ocrx_word' id='word_1_125' title='bbox 880 1455 993 1516; x_wconf 90' lang='lat' dir='ltr'><strong>incauti</strong></span> <span class='ocrx_word' id='word_1_126' title='bbox 1008 1472 1029 1516; x_wconf 89' lang='lat' dir='ltr'><strong>a</strong></span> <span class='ocrx_word' id='word_1_127' title='bbox 1044 1456 1165 1517; x_wconf 79' lang='lat' dir='ltr'><strong>fraude</strong></span> 
     </span>
     <span class='ocr_line' id='line_1_16' title="bbox 171 1537 1211 1613; baseline 0.004 -13"><span class='ocrx_word' id='word_1_128' title='bbox 171 1542 305 1601; x_wconf 83' lang='lat' dir='ltr'><strong>fraterna</strong></span> <span class='ocrx_word' id='word_1_129' title='bbox 319 1538 453 1611; x_wconf 86' lang='lat' dir='ltr'><strong>iuvenis,</strong></span> <span class='ocrx_word' id='word_1_130' title='bbox 469 1537 676 1600; x_wconf 83' lang='lat' dir='ltr'><strong>adiuvandum</strong></span> <span class='ocrx_word' id='word_1_131' title='bbox 697 1539 782 1613; x_wconf 91' lang='lat' dir='ltr'><strong>quod</strong></span> <span class='ocrx_word' id='word_1_132' title='bbox 803 1540 936 1600; x_wconf 81' lang='lat' dir='ltr'><strong>futurum</strong></span> <span class='ocrx_word' id='word_1_133' title='bbox 956 1545 1022 1599; x_wconf 89' lang='lat' dir='ltr'><strong>erat</strong></span> <span class='ocrx_word' id='word_1_134' title='bbox 1035 1539 1098 1600; x_wconf 91' lang='lat' dir='ltr'><strong>rati</strong></span> <span class='ocrx_word' id='word_1_135' title='bbox 1116 1541 1165 1600; x_wconf 90' lang='lat' dir='ltr'><strong>io·</strong></span> <span class='ocrx_word' id='word_1_136' title='bbox 1209 1555 1211 1604; x_wconf 73' lang='grc' dir='ltr'>ε</span> 
     </span>
     <span class='ocr_line' id='line_1_17' title="bbox 172 1621 1167 1698; baseline 0.002 -16"><span class='ocrx_word' id='word_1_137' title='bbox 172 1624 366 1697; x_wconf 89' lang='lat' dir='ltr'><strong>vendamque</strong></span> <span class='ocrx_word' id='word_1_138' title='bbox 380 1635 468 1697; x_wconf 86' lang='lat' dir='ltr'><strong>spem</strong></span> <span class='ocrx_word' id='word_1_139' title='bbox 483 1621 681 1696; x_wconf 85' lang='lat' dir='ltr'><strong>potentioris,</strong></span> <span class='ocrx_word' id='word_1_140' title='bbox 701 1621 816 1682; x_wconf 89' lang='lat' dir='ltr'><strong>Perseo</strong></span> <span class='ocrx_word' id='word_1_141' title='bbox 839 1637 874 1682; x_wconf 91' lang='lat' dir='ltr'><strong>se</strong></span> <span class='ocrx_word' id='word_1_142' title='bbox 889 1623 1073 1698; x_wconf 90' lang='lat' dir='ltr'><strong>adiungunt.</strong></span> <span class='ocrx_word' id='word_1_143' title='bbox 1112 1639 1167 1684; x_wconf 88' lang='lat' dir='ltr'><strong>ce·</strong></span> 
     </span>
     <span class='ocr_line' id='line_1_18' title="bbox 170 1705 1211 1783; baseline 0.005 -17"><span class='ocrx_word' id='word_1_144' title='bbox 170 1714 236 1766; x_wconf 90' lang='lat' dir='ltr'><strong>tera</strong></span> <span class='ocrx_word' id='word_1_145' title='bbox 249 1705 281 1767; x_wconf 92' lang='lat' dir='ltr'><strong>in</strong></span> <span class='ocrx_word' id='word_1_146' title='bbox 296 1722 385 1766; x_wconf 90' lang='lat' dir='ltr'><strong>suum</strong></span> <span class='ocrx_word' id='word_1_147' title='bbox 400 1719 543 1780; x_wconf 89' lang='lat' dir='ltr'><strong>quaeque</strong></span> <span class='ocrx_word' id='word_1_148' title='bbox 556 1712 677 1781; x_wconf 89' lang='lat' dir='ltr'><strong>tempus</strong></span> <span class='ocrx_word' id='word_1_149' title='bbox 693 1706 813 1781; x_wconf 85' lang='lat' dir='ltr'><strong>agenda</strong></span> <span class='ocrx_word' id='word_1_150' title='bbox 828 1705 988 1766; x_wconf 74' lang='lat' dir='ltr'><strong>differunts</strong></span> <span class='ocrx_word' id='word_1_151' title='bbox 1017 1707 1049 1766; x_wconf 93' lang='lat' dir='ltr'><strong>in</strong></span> <span class='ocrx_word' id='word_1_152' title='bbox 1067 1723 1167 1783; x_wconf 87' lang='lat' dir='ltr'><strong>prae·</strong></span> <span class='ocrx_word' id='word_1_153' title='bbox 1209 1721 1211 1772; x_wconf 76' lang='grc' dir='ltr'>ζ</span> 
     </span>
     <span class='ocr_line' id='line_1_19' title="bbox 172 1788 1211 1867; baseline 0.002 -18"><span class='ocrx_word' id='word_1_154' title='bbox 172 1789 270 1850; x_wconf 90' lang='lat' dir='ltr'><strong>sentia</strong></span> <span class='ocrx_word' id='word_1_155' title='bbox 285 1791 387 1867; x_wconf 88' lang='lat' dir='ltr'><strong>placet</strong></span> <span class='ocrx_word' id='word_1_156' title='bbox 401 1788 482 1849; x_wconf 91' lang='lat' dir='ltr'><strong>omni</strong></span> <span class='ocrx_word' id='word_1_157' title='bbox 501 1804 562 1865; x_wconf 90' lang='lat' dir='ltr'><strong>ope</strong></span> <span class='ocrx_word' id='word_1_158' title='bbox 580 1789 610 1850; x_wconf 93' lang='lat' dir='ltr'><strong>in</strong></span> <span class='ocrx_word' id='word_1_159' title='bbox 631 1791 787 1851; x_wconf 88' lang='lat' dir='ltr'><strong>Romanos</strong></span> <span class='ocrx_word' id='word_1_160' title='bbox 810 1791 939 1850; x_wconf 88' lang='lat' dir='ltr'><strong>accendi</strong></span> <span class='ocrx_word' id='word_1_161' title='bbox 960 1805 1085 1866; x_wconf 86' lang='lat' dir='ltr'><strong>regern,</strong></span> <span class='ocrx_word' id='word_1_162' title='bbox 1107 1792 1164 1852; x_wconf 92' lang='lat' dir='ltr'><strong>im·</strong></span> <span class='ocrx_word' id='word_1_163' title='bbox 1209 1815 1211 1820; x_wconf 96' lang='lat'>·</span> 
     </span>
     <span class='ocr_line' id='line_1_20' title="bbox 173 1872 1167 1950; baseline 0.002 -16"><span class='ocrx_word' id='word_1_164' title='bbox 173 1873 306 1950; x_wconf 89' lang='lat' dir='ltr'><strong>pellique</strong></span> <span class='ocrx_word' id='word_1_165' title='bbox 320 1872 360 1934; x_wconf 89' lang='lat' dir='ltr'><strong>ad</strong></span> <span class='ocrx_word' id='word_1_166' title='bbox 375 1872 505 1934; x_wconf 89' lang='lat' dir='ltr'><strong>consilia</strong></span> <span class='ocrx_word' id='word_1_167' title='bbox 518 1873 606 1946; x_wconf 93' lang='lat' dir='ltr'><strong>belii,</strong></span> <span class='ocrx_word' id='word_1_168' title='bbox 631 1874 672 1935; x_wconf 88' lang='lat' dir='ltr'><strong>ad</strong></span> <span class='ocrx_word' id='word_1_169' title='bbox 694 1887 774 1949; x_wconf 92' lang='lat' dir='ltr'><strong>quae</strong></span> <span class='ocrx_word' id='word_1_170' title='bbox 794 1873 855 1933; x_wconf 89' lang='lat' dir='ltr'><strong>iam</strong></span> <span class='ocrx_word' id='word_1_171' title='bbox 876 1890 934 1935; x_wconf 90' lang='lat' dir='ltr'><strong>sua</strong></span> <span class='ocrx_word' id='word_1_172' title='bbox 957 1881 1072 1950; x_wconf 90' lang='lat' dir='ltr'><strong>sponte</strong></span> <span class='ocrx_word' id='word_1_173' title='bbox 1095 1877 1167 1936; x_wconf 89' lang='lat' dir='ltr'><strong>ani·</strong></span> 
     </span>
     <span class='ocr_line' id='line_1_21' title="bbox 171 1957 1171 2034; baseline 0 -16"><span class='ocrx_word' id='word_1_174' title='bbox 171 1973 254 2019; x_wconf 89' lang='lat' dir='ltr'><strong>mum</strong></span> <span class='ocrx_word' id='word_1_175' title='bbox 268 1957 454 2018; x_wconf 85' lang='lat' dir='ltr'><strong>inclinasset</strong></span> <span class='ocrx_word' id='word_1_176' title='bbox 483 1957 573 2018; x_wconf 88' lang='lat' dir='ltr'><strong>simul</strong></span> <span class='ocrx_word' id='word_1_177' title='bbox 597 1964 630 2018; x_wconf 87' lang='lat' dir='ltr'><strong>ut</strong></span> <span class='ocrx_word' id='word_1_178' title='bbox 653 1957 825 2018; x_wconf 87' lang='lat' dir='ltr'><strong>Demetrius</strong></span> <span class='ocrx_word' id='word_1_179' title='bbox 851 1958 880 2016; x_wconf 91' lang='lat' dir='ltr'><strong>in</strong></span> <span class='ocrx_word' id='word_1_180' title='bbox 897 1957 964 2018; x_wconf 88' lang='lat' dir='ltr'><strong>dies</strong></span> <span class='ocrx_word' id='word_1_181' title='bbox 980 1960 1171 2034; x_wconf 86' lang='lat' dir='ltr'><strong>suspectior</strong></span> 
     </span>
     <span class='ocr_line' id='line_1_22' title="bbox 173 2041 1211 2116; baseline 0.003 -15"><span class='ocrx_word' id='word_1_182' title='bbox 173 2048 271 2113; x_wconf 89' lang='lat' dir='ltr'><strong>esset,</strong></span> <span class='ocrx_word' id='word_1_183' title='bbox 286 2057 326 2100; x_wconf 94' lang='lat' dir='ltr'><strong>ex</strong></span> <span class='ocrx_word' id='word_1_184' title='bbox 341 2041 512 2115; x_wconf 87' lang='lat' dir='ltr'><strong>composito</strong></span> <span class='ocrx_word' id='word_1_185' title='bbox 527 2055 686 2101; x_wconf 87' lang='lat' dir='ltr'><strong>sermones</strong></span> <span class='ocrx_word' id='word_1_186' title='bbox 701 2041 742 2100; x_wconf 93' lang='lat' dir='ltr'><strong>ad</strong></span> <span class='ocrx_word' id='word_1_187' title='bbox 756 2056 820 2100; x_wconf 88' lang='lat' dir='ltr'><strong>rem</strong></span> <span class='ocrx_word' id='word_1_188' title='bbox 831 2041 1042 2102; x_wconf 86' lang='lat' dir='ltr'><strong>Romanomm</strong></span> <span class='ocrx_word' id='word_1_189' title='bbox 1056 2043 1168 2104; x_wconf 89' lang='lat' dir='ltr'><strong>trahe·</strong></span> <span class='ocrx_word' id='word_1_190' title='bbox 1210 2113 1211 2116; x_wconf 8' lang='grc' dir='ltr'><strong>Ἴ</strong></span> 
     </span>
     <span class='ocr_line' id='line_1_23' title="bbox 172 2123 1211 2202; baseline 0.008 -21"><span class='ocrx_word' id='word_1_191' title='bbox 172 2123 254 2183; x_wconf 88' lang='lat' dir='ltr'><strong>bant.</strong></span> <span class='ocrx_word' id='word_1_192' title='bbox 288 2124 329 2183; x_wconf 90' lang='lat' dir='ltr'><strong>ibi</strong></span> <span class='ocrx_word' id='word_1_193' title='bbox 346 2139 416 2182; x_wconf 89' lang='lat' dir='ltr'><strong>cum</strong></span> <span class='ocrx_word' id='word_1_194' title='bbox 430 2123 480 2182; x_wconf 87' lang='lat' dir='ltr'><strong>alii</strong></span> <span class='ocrx_word' id='word_1_195' title='bbox 501 2137 604 2184; x_wconf 90' lang='lat' dir='ltr'><strong>mores</strong></span> <span class='ocrx_word' id='word_1_196' title='bbox 625 2132 655 2183; x_wconf 91' lang='lat' dir='ltr'><strong>et</strong></span> <span class='ocrx_word' id='word_1_197' title='bbox 674 2123 810 2185; x_wconf 88' lang='lat' dir='ltr'><strong>instituta</strong></span> <span class='ocrx_word' id='word_1_198' title='bbox 830 2139 952 2200; x_wconf 86' lang='lat' dir='ltr'><strong>eorum,</strong></span> <span class='ocrx_word' id='word_1_199' title='bbox 969 2125 1020 2186; x_wconf 88' lang='lat' dir='ltr'><strong>aiii</strong></span> <span class='ocrx_word' id='word_1_200' title='bbox 1035 2141 1092 2186; x_wconf 92' lang='lat' dir='ltr'><strong>res</strong></span> <span class='ocrx_word' id='word_1_201' title='bbox 1111 2144 1168 2202; x_wconf 88' lang='lat' dir='ltr'><strong>ge·</strong></span> <span class='ocrx_word' id='word_1_202' title='bbox 1210 2169 1211 2174; x_wconf 21' lang='grc' dir='ltr'><strong>κ</strong></span> 
     </span>
     <span class='ocr_line' id='line_1_24' title="bbox 173 2205 1170 2287; baseline 0.006 -22"><span class='ocrx_word' id='word_1_203' title='bbox 173 2211 252 2279; x_wconf 87' lang='lat' dir='ltr'><strong>stas,</strong></span> <span class='ocrx_word' id='word_1_204' title='bbox 268 2205 318 2265; x_wconf 92' lang='lat' dir='ltr'><strong>alii</strong></span> <span class='ocrx_word' id='word_1_205' title='bbox 333 2206 470 2281; x_wconf 86' lang='lat' dir='ltr'><strong>speciem</strong></span> <span class='ocrx_word' id='word_1_206' title='bbox 486 2205 585 2282; x_wconf 87' lang='lat' dir='ltr'><strong>ipsius</strong></span> <span class='ocrx_word' id='word_1_207' title='bbox 603 2205 689 2267; x_wconf 89' lang='lat' dir='ltr'><strong>urbis</strong></span> <span class='ocrx_word' id='word_1_208' title='bbox 709 2210 847 2269; x_wconf 90' lang='lat' dir='ltr'><strong>nondum</strong></span> <span class='ocrx_word' id='word_1_209' title='bbox 868 2215 1170 2287; x_wconf 66' lang='lat' dir='ltr'><strong>exomatae&#39;neque</strong></span> 
     </span>
     <span class='ocr_line' id='line_1_25' title="bbox 173 2287 1169 2370; baseline 0.005 -21"><span class='ocrx_word' id='word_1_210' title='bbox 173 2287 304 2364; x_wconf 83' lang='lat' dir='ltr'><strong>publicis</strong></span> <span class='ocrx_word' id='word_1_211' title='bbox 319 2303 420 2363; x_wconf 90' lang='lat' dir='ltr'><strong>neque</strong></span> <span class='ocrx_word' id='word_1_212' title='bbox 435 2289 562 2364; x_wconf 86' lang='lat' dir='ltr'><strong>privatis</strong></span> <span class='ocrx_word' id='word_1_213' title='bbox 577 2289 669 2366; x_wconf 88' lang='lat' dir='ltr'><strong>iocis,</strong></span> <span class='ocrx_word' id='word_1_214' title='bbox 686 2291 736 2351; x_wconf 89' lang='lat' dir='ltr'><strong>aiii</strong></span> <span class='ocrx_word' id='word_1_215' title='bbox 750 2291 888 2366; x_wconf 88' lang='lat' dir='ltr'><strong>singulos</strong></span> <span class='ocrx_word' id='word_1_216' title='bbox 903 2292 1079 2370; x_wconf 87' lang='lat' dir='ltr'><strong>principum</strong></span> <span class='ocrx_word' id='word_1_217' title='bbox 1098 2296 1169 2354; x_wconf 90' lang='lat' dir='ltr'><strong>elu-</strong></span> 
     </span>
     <span class='ocr_line' id='line_1_26' title="bbox 173 2371 1167 2447; baseline 0.006 -17"><span class='ocrx_word' id='word_1_218' title='bbox 173 2373 293 2447; x_wconf 88' lang='lat' dir='ltr'><strong>derent,</strong></span> <span class='ocrx_word' id='word_1_219' title='bbox 309 2372 428 2434; x_wconf 87' lang='lat' dir='ltr'><strong>iuvenis</strong></span> <span class='ocrx_word' id='word_1_220' title='bbox 443 2371 583 2435; x_wconf 88' lang='lat' dir='ltr'><strong>incautus</strong></span> <span class='ocrx_word' id='word_1_221' title='bbox 598 2381 629 2433; x_wconf 91' lang='lat' dir='ltr'><strong>et</strong></span> <span class='ocrx_word' id='word_1_222' title='bbox 642 2389 747 2436; x_wconf 89' lang='lat' dir='ltr'><strong>amore</strong></span> <span class='ocrx_word' id='word_1_223' title='bbox 758 2375 890 2436; x_wconf 89' lang='lat' dir='ltr'><strong>nominis</strong></span> <span class='ocrx_word' id='word_1_224' title='bbox 900 2373 1034 2437; x_wconf 88' lang='lat' dir='ltr'><strong>Romani</strong></span> <span class='ocrx_word' id='word_1_225' title='bbox 1046 2383 1079 2437; x_wconf 90' lang='lat' dir='ltr'><strong>et</strong></span> <span class='ocrx_word' id='word_1_226' title='bbox 1095 2393 1167 2439; x_wconf 89' lang='lat' dir='ltr'><strong>cer-</strong></span> 
     </span>
     <span class='ocr_line' id='line_1_27' title="bbox 172 2453 1168 2538; baseline 0.008 -24"><span class='ocrx_word' id='word_1_227' title='bbox 172 2453 285 2516; x_wconf 87' lang='lat' dir='ltr'><strong>tamine</strong></span> <span class='ocrx_word' id='word_1_228' title='bbox 299 2455 450 2516; x_wconf 83' lang='lat' dir='ltr'><strong>adversus</strong></span> <span class='ocrx_word' id='word_1_229' title='bbox 465 2457 588 2519; x_wconf 71' lang='lat' dir='ltr'><strong>tratrem</strong></span> <span class='ocrx_word' id='word_1_230' title='bbox 604 2459 705 2518; x_wconf 93' lang='lat' dir='ltr'><strong>omnia</strong></span> <span class='ocrx_word' id='word_1_231' title='bbox 719 2459 833 2519; x_wconf 89' lang='lat' dir='ltr'><strong>tuendo</strong></span> <span class='ocrx_word' id='word_1_232' title='bbox 854 2467 1034 2535; x_wconf 89' lang='lat' dir='ltr'><strong>suspectum</strong></span> <span class='ocrx_word' id='word_1_233' title='bbox 1051 2475 1091 2521; x_wconf 85' lang='lat' dir='ltr'><strong>se</strong></span> <span class='ocrx_word' id='word_1_234' title='bbox 1110 2479 1168 2538; x_wconf 92' lang='lat' dir='ltr'><strong>pa·</strong></span> 
     </span>
     <span class='ocr_line' id='line_1_28' title="bbox 171 2537 1169 2620; baseline 0.008 -22"><span class='ocrx_word' id='word_1_235' title='bbox 171 2537 208 2598; x_wconf 91' lang='lat' dir='ltr'><strong>tri</strong></span> <span class='ocrx_word' id='word_1_236' title='bbox 223 2546 254 2600; x_wconf 91' lang='lat' dir='ltr'><strong>et</strong></span> <span class='ocrx_word' id='word_1_237' title='bbox 269 2545 475 2616; x_wconf 89' lang='lat' dir='ltr'><strong>opportunum</strong></span> <span class='ocrx_word' id='word_1_238' title='bbox 497 2539 672 2602; x_wconf 89' lang='lat' dir='ltr'><strong>criminibus</strong></span> <span class='ocrx_word' id='word_1_239' title='bbox 692 2541 833 2603; x_wconf 87' lang='lat' dir='ltr'><strong>iaciebat.</strong></span> <span class='ocrx_word' id='word_1_240' title='bbox 869 2541 974 2618; x_wconf 87' lang='lat' dir='ltr'><strong>itaque</strong></span> <span class='ocrx_word' id='word_1_241' title='bbox 995 2553 1169 2620; x_wconf 90' lang='lat' dir='ltr'><strong>expertem</strong></span> 
     </span>
     <span class='ocr_line' id='line_1_29' title="bbox 172 2623 1169 2700; baseline 0.006 -17"><span class='ocrx_word' id='word_1_242' title='bbox 172 2639 239 2683; x_wconf 91' lang='lat' dir='ltr'><strong>eum</strong></span> <span class='ocrx_word' id='word_1_243' title='bbox 258 2631 343 2700; x_wconf 90' lang='lat' dir='ltr'><strong>pater</strong></span> <span class='ocrx_word' id='word_1_244' title='bbox 358 2623 492 2684; x_wconf 91' lang='lat' dir='ltr'><strong>omnium</strong></span> <span class='ocrx_word' id='word_1_245' title='bbox 507 2623 653 2686; x_wconf 89' lang='lat' dir='ltr'><strong>derebus</strong></span> <span class='ocrx_word' id='word_1_246' title='bbox 675 2626 822 2685; x_wconf 84' lang='lat' dir='ltr'><strong>Romanis</strong></span> <span class='ocrx_word' id='word_1_247' title='bbox 843 2626 1044 2689; x_wconf 90' lang='lat' dir='ltr'><strong>consiliorum</strong></span> <span class='ocrx_word' id='word_1_248' title='bbox 1064 2627 1169 2688; x_wconf 87' lang='lat' dir='ltr'><strong>habe-</strong></span> 
     </span>
     <span class='ocr_line' id='line_1_30' title="bbox 171 2704 1170 2784; baseline 0.007 -19"><span class='ocrx_word' id='word_1_249' title='bbox 171 2704 237 2766; x_wconf 87' lang='lat' dir='ltr'><strong>bat=</strong></span> <span class='ocrx_word' id='word_1_250' title='bbox 254 2714 334 2769; x_wconf 90' lang='lat' dir='ltr'><strong>totus</strong></span> <span class='ocrx_word' id='word_1_251' title='bbox 349 2707 379 2768; x_wconf 89' lang='lat' dir='ltr'><strong>in</strong></span> <span class='ocrx_word' id='word_1_252' title='bbox 393 2707 507 2769; x_wconf 90' lang='lat' dir='ltr'><strong>Persea</strong></span> <span class='ocrx_word' id='word_1_253' title='bbox 523 2723 634 2770; x_wconf 85' lang='lat' dir='ltr'><strong>versus</strong></span> <span class='ocrx_word' id='word_1_254' title='bbox 649 2724 718 2769; x_wconf 87' lang='lat' dir='ltr'><strong>cum</strong></span> <span class='ocrx_word' id='word_1_255' title='bbox 739 2723 777 2769; x_wconf 94' lang='lat' dir='ltr'><strong>eo</strong></span> <span class='ocrx_word' id='word_1_256' title='bbox 798 2709 1001 2784; x_wconf 87' lang='lat' dir='ltr'><strong>cogitationes</strong></span> <span class='ocrx_word' id='word_1_257' title='bbox 1024 2713 1097 2771; x_wconf 91' lang='lat' dir='ltr'><strong>eius</strong></span> <span class='ocrx_word' id='word_1_258' title='bbox 1121 2713 1170 2772; x_wconf 88' lang='lat' dir='ltr'><strong>rei</strong></span> 
     </span>
     <span class='ocr_line' id='line_1_31' title="bbox 173 2789 1168 2867; baseline 0.008 -20"><span class='ocrx_word' id='word_1_259' title='bbox 173 2789 239 2848; x_wconf 89' lang='lat' dir='ltr'><strong>dies</strong></span> <span class='ocrx_word' id='word_1_260' title='bbox 255 2806 291 2850; x_wconf 88' lang='lat' dir='ltr'><strong>ac</strong></span> <span class='ocrx_word' id='word_1_261' title='bbox 305 2799 414 2853; x_wconf 89' lang='lat' dir='ltr'><strong>noctes</strong></span> <span class='ocrx_word' id='word_1_262' title='bbox 428 2791 571 2867; x_wconf 87' lang='lat' dir='ltr'><strong>agitabat.</strong></span> <span class='ocrx_word' id='word_1_263' title='bbox 600 2791 753 2852; x_wconf 85' lang='lat' dir='ltr'><strong>redierant</strong></span> <span class='ocrx_word' id='word_1_264' title='bbox 775 2808 856 2867; x_wconf 90' lang='lat' dir='ltr'><strong>quos</strong></span> <span class='ocrx_word' id='word_1_265' title='bbox 878 2795 957 2854; x_wconf 87' lang='lat' dir='ltr'><strong>torte</strong></span> <span class='ocrx_word' id='word_1_266' title='bbox 976 2795 1112 2855; x_wconf 87' lang='lat' dir='ltr'><strong>miserat</strong></span> <span class='ocrx_word' id='word_1_267' title='bbox 1135 2797 1168 2854; x_wconf 90' lang='lat' dir='ltr'><strong>in</strong></span> 
     </span>
     <span class='ocr_line' id='line_1_32' title="bbox 170 2871 1197 2952; baseline 0.01 -22"><span class='ocrx_word' id='word_1_268' title='bbox 170 2871 338 2934; x_wconf 86' lang='lat' dir='ltr'><strong>Bastarnas</strong></span> <span class='ocrx_word' id='word_1_269' title='bbox 350 2874 391 2935; x_wconf 92' lang='lat' dir='ltr'><strong>ad</strong></span> <span class='ocrx_word' id='word_1_270' title='bbox 402 2875 591 2935; x_wconf 88' lang='lat' dir='ltr'><strong>arcessenda</strong></span> <span class='ocrx_word' id='word_1_271' title='bbox 602 2875 729 2950; x_wconf 89' lang='lat' dir='ltr'><strong>auxilia,</strong></span> <span class='ocrx_word' id='word_1_272' title='bbox 744 2874 1001 2952; x_wconf 87' lang='lat' dir='ltr'><strong>adduxerantque</strong></span> <span class='ocrx_word' id='word_1_273' title='bbox 1012 2878 1092 2938; x_wconf 90' lang='lat' dir='ltr'><strong>inde</strong></span> <span class='ocrx_word' id='word_1_274' title='bbox 1108 2893 1171 2939; x_wconf 88' lang='lat' dir='ltr'><strong>no·</strong></span> <span class='ocrx_word' id='word_1_275' title='bbox 1192 2877 1197 2890; x_wconf 92' lang='lat'>&#39;</span> 
     </span>
     <span class='ocr_line' id='line_1_33' title="bbox 170 2952 1170 3035; baseline 0.014 -24"><span class='ocrx_word' id='word_1_276' title='bbox 170 2952 248 3014; x_wconf 89' lang='lat' dir='ltr'><strong>biles</strong></span> <span class='ocrx_word' id='word_1_277' title='bbox 263 2955 391 3018; x_wconf 87' lang='lat' dir='ltr'><strong>iuvenes</strong></span> <span class='ocrx_word' id='word_1_278' title='bbox 405 2964 436 3017; x_wconf 89' lang='lat' dir='ltr'><strong>et</strong></span> <span class='ocrx_word' id='word_1_279' title='bbox 448 2957 525 3034; x_wconf 88' lang='lat' dir='ltr'><strong>regii</strong></span> <span class='ocrx_word' id='word_1_280' title='bbox 541 2960 693 3033; x_wconf 87' lang='lat' dir='ltr'><strong>quosdam</strong></span> <span class='ocrx_word' id='word_1_281' title='bbox 705 2959 842 3034; x_wconf 85' lang='lat' dir='ltr'><strong>generis,</strong></span> <span class='ocrx_word' id='word_1_282' title='bbox 863 2968 997 3035; x_wconf 84' lang='lat' dir='ltr'><strong>quorum</strong></span> <span class='ocrx_word' id='word_1_283' title='bbox 1008 2978 1095 3023; x_wconf 91' lang='lat' dir='ltr'><strong>unus</strong></span> <span class='ocrx_word' id='word_1_284' title='bbox 1113 2979 1170 3024; x_wconf 90' lang='lat' dir='ltr'><strong>so·</strong></span> 
     </span>
     <span class='ocr_line' id='line_1_34' title="bbox 171 3040 1169 3120; baseline 0.008 -24"><span class='ocrx_word' id='word_1_285' title='bbox 171 3051 272 3097; x_wconf 89' lang='lat' dir='ltr'><strong>rorem</strong></span> <span class='ocrx_word' id='word_1_286' title='bbox 293 3054 380 3100; x_wconf 90' lang='lat' dir='ltr'><strong>suam</strong></span> <span class='ocrx_word' id='word_1_287' title='bbox 400 3040 431 3100; x_wconf 91' lang='lat' dir='ltr'><strong>in</strong></span> <span class='ocrx_word' id='word_1_288' title='bbox 451 3041 673 3104; x_wconf 90' lang='lat' dir='ltr'><strong>matrimonium</strong></span> <span class='ocrx_word' id='word_1_289' title='bbox 693 3041 825 3118; x_wconf 85' lang='lat' dir='ltr'><strong>Philippi</strong></span> <span class='ocrx_word' id='word_1_290' title='bbox 848 3043 912 3102; x_wconf 88' lang='lat' dir='ltr'><strong>titio</strong></span> <span class='ocrx_word' id='word_1_291' title='bbox 935 3045 1169 3120; x_wconf 86' lang='lat' dir='ltr'><strong>pollicebatur;</strong></span> 
     </span>
     <span class='ocr_line' id='line_1_35' title="bbox 172 3125 1168 3203; baseline 0.009 -24"><span class='ocrx_word' id='word_1_292' title='bbox 172 3129 373 3200; x_wconf 87' lang='lat' dir='ltr'><strong>erexeratque</strong></span> <span class='ocrx_word' id='word_1_293' title='bbox 395 3125 584 3187; x_wconf 87' lang='lat' dir='ltr'><strong>consociatio</strong></span> <span class='ocrx_word' id='word_1_294' title='bbox 605 3125 704 3201; x_wconf 88' lang='lat' dir='ltr'><strong>gentis</strong></span> <span class='ocrx_word' id='word_1_295' title='bbox 726 3126 792 3185; x_wconf 89' lang='lat' dir='ltr'><strong>eius</strong></span> <span class='ocrx_word' id='word_1_296' title='bbox 814 3127 949 3188; x_wconf 89' lang='lat' dir='ltr'><strong>animum</strong></span> <span class='ocrx_word' id='word_1_297' title='bbox 967 3129 1066 3203; x_wconf 88' lang='lat' dir='ltr'><strong>regis.</strong></span> <span class='ocrx_word' id='word_1_298' title='bbox 1098 3137 1168 3190; x_wconf 91' lang='lat' dir='ltr'><strong>tum</strong></span> 
     </span>
     <span class='ocr_line' id='line_1_36' title="bbox 169 3201 1167 3287; baseline 0.013 -27"><span class='ocrx_word' id='word_1_299' title='bbox 169 3201 301 3268; x_wconf 90' lang='lat' dir='ltr'><strong>Perseus</strong></span> <span class='ocrx_word' id='word_1_300' title='bbox 321 3208 415 3283; x_wconf 89' lang='lat' dir='ltr'><strong>„quid</strong></span> <span class='ocrx_word' id='word_1_301' title='bbox 437 3211 495 3273; x_wconf 90' lang='lat' dir='ltr'><strong>ista</strong></span> <span class='ocrx_word' id='word_1_302' title='bbox 516 3213 686 3287; x_wconf 84' lang='lat' dir='ltr'><strong>prosuntt“</strong></span> <span class='ocrx_word' id='word_1_303' title='bbox 707 3209 813 3284; x_wconf 89' lang='lat' dir='ltr'><strong>inquit.</strong></span> <span class='ocrx_word' id='word_1_304' title='bbox 848 3225 1072 3286; x_wconf 87' lang='lat' dir='ltr'><strong>„nequaquam</strong></span> <span class='ocrx_word' id='word_1_305' title='bbox 1094 3219 1167 3273; x_wconf 92' lang='lat' dir='ltr'><strong>tan·</strong></span> 
     </span>
     <span class='ocr_line' id='line_1_37' title="bbox 169 3289 1168 3370; baseline 0.008 -24"><span class='ocrx_word' id='word_1_306' title='bbox 169 3292 231 3346; x_wconf 89' lang='lat' dir='ltr'><strong>turn</strong></span> <span class='ocrx_word' id='word_1_307' title='bbox 258 3289 288 3349; x_wconf 91' lang='lat' dir='ltr'><strong>in</strong></span> <span class='ocrx_word' id='word_1_308' title='bbox 313 3295 446 3355; x_wconf 89' lang='lat' dir='ltr'><strong>extemis</strong></span> <span class='ocrx_word' id='word_1_309' title='bbox 472 3293 594 3354; x_wconf 90' lang='lat' dir='ltr'><strong>auxiliis</strong></span> <span class='ocrx_word' id='word_1_310' title='bbox 619 3300 666 3353; x_wconf 89' lang='lat' dir='ltr'><strong>est</strong></span> <span class='ocrx_word' id='word_1_311' title='bbox 691 3293 837 3368; x_wconf 89' lang='lat' dir='ltr'><strong>praesidii</strong></span> <span class='ocrx_word' id='word_1_312' title='bbox 863 3300 1011 3369; x_wconf 87' lang='lat' dir='ltr'><strong>quantum</strong></span> <span class='ocrx_word' id='word_1_313' title='bbox 1026 3295 1168 3370; x_wconf 89' lang='lat' dir='ltr'><strong>periculi</strong></span> 
     </span>
    </p>
   </div>
   <div class='ocr_carea' id='block_1_3' title="bbox 169 3370 1170 3537">
    <p class='ocr_par' dir='ltr' id='par_1_3' title="bbox 169 3370 1170 3537">
     <span class='ocr_line' id='line_1_38' title="bbox 170 3370 1168 3456; baseline 0.013 -29"><span class='ocrx_word' id='word_1_314' title='bbox 170 3370 277 3432; x_wconf 81' lang='lat' dir='ltr'><strong>fraude</strong></span> <span class='ocrx_word' id='word_1_315' title='bbox 293 3375 472 3438; x_wconf 88' lang='lat' dir='ltr'><strong>domestica.</strong></span> <span class='ocrx_word' id='word_1_316' title='bbox 502 3376 689 3453; x_wconf 86' lang='lat' dir='ltr'><strong>proditorem</strong></span> <span class='ocrx_word' id='word_1_317' title='bbox 711 3377 784 3436; x_wconf 90' lang='lat' dir='ltr'><strong>noio</strong></span> <span class='ocrx_word' id='word_1_318' title='bbox 807 3377 926 3451; x_wconf 89' lang='lat' dir='ltr'><strong>dicere,</strong></span> <span class='ocrx_word' id='word_1_319' title='bbox 942 3384 1168 3456; x_wconf 86' lang='lat' dir='ltr'><strong>certespecu-</strong></span> 
     </span>
     <span class='ocr_line' id='line_1_39' title="bbox 169 3453 1170 3537; baseline 0.014 -28"><span class='ocrx_word' id='word_1_320' title='bbox 169 3453 297 3518; x_wconf 90' lang='lat' dir='ltr'><strong>latorem</strong></span> <span class='ocrx_word' id='word_1_321' title='bbox 313 3457 461 3523; x_wconf 86' lang='lat' dir='ltr'><strong>habemus</strong></span> <span class='ocrx_word' id='word_1_322' title='bbox 489 3461 520 3520; x_wconf 93' lang='lat' dir='ltr'><strong>in</strong></span> <span class='ocrx_word' id='word_1_323' title='bbox 547 3460 630 3535; x_wconf 89' lang='lat' dir='ltr'><strong>sinu,</strong></span> <span class='ocrx_word' id='word_1_324' title='bbox 657 3459 759 3537; x_wconf 90' lang='lat' dir='ltr'><strong>cuius,</strong></span> <span class='ocrx_word' id='word_1_325' title='bbox 784 3475 823 3520; x_wconf 90' lang='lat' dir='ltr'><strong>ex</strong></span> <span class='ocrx_word' id='word_1_326' title='bbox 847 3475 908 3536; x_wconf 90' lang='lat' dir='ltr'><strong>quo</strong></span> <span class='ocrx_word' id='word_1_327' title='bbox 924 3457 1020 3521; x_wconf 90' lang='lat' dir='ltr'><strong>obses</strong></span> <span class='ocrx_word' id='word_1_328' title='bbox 1035 3462 1170 3525; x_wconf 84' lang='lat' dir='ltr'><strong>Romae</strong></span> 
     </span>
    </p>
   </div>
   <div class='ocr_carea' id='block_1_4' title="bbox 0 0 1216 3872">
    <p class='ocr_par' dir='ltr' id='par_1_4' title="bbox 0 0 1216 3872">
     <span class='ocr_line' id='line_1_40' title="bbox 0 0 1216 3872; baseline 0 0"><span class='ocrx_word' id='word_1_329' title='bbox 0 0 1216 3872; x_wconf 95' lang='lat' dir='ltr'><strong> </strong></span> 
     </span>
    </p>
   </div>
  </div>
 </body>
</html>
