2364 3862
215 184 329 246 LIBER
342 186 447 246 XLIV.
470 185 553 245 CAP.
567 195 611 249 44.
622 195 667 249 to.
690 193 727 261 [a.
740 194 772 246 0.
785 195 847 261 168]
957 187 1018 252 251

37 341 131 416 palca
141 345 267 413 vocant,
281 338 323 398 ad
332 354 428 412 opem
439 338 671 416 exposcendam
679 338 778 413 fieret,
788 333 953 415 Diodorus.
965 343 1017 418 qui

40 430 178 499 praeerat
192 422 275 496 urbi,
296 430 434 482 metuens
450 438 489 482 ne
499 421 650 493 limaces,
668 439 798 498 qaonrm
813 423 874 484 duo
888 423 972 486 mnia
985 427 1016 486 in

41 505 193 582 praesidio
206 514 302 580 erant,
314 505 421 566 urbam
432 506 463 565 in
474 505 601 566 tuarultu
613 505 787 583 diriperent,
799 507 839 567 ab
850 508 1017 571 schemata

38 591 71 652 ab
92 605 128 651 se
149 605 208 665 per
229 589 379 649 iahuciam
400 588 431 648 in
453 589 601 649 tabellarii
621 590 759 665 speciem
774 591 889 652 litteras
904 591 934 650 in
950 593 1018 655 loro

36 675 132 734 medlo
150 673 281 748 accepit.
309 671 457 748 scripturn
471 672 502 732 in
516 673 554 734 iis
568 680 634 733 erat
648 673 687 733 ad
701 673 870 734 Emathiam
885 677 1018 738 classem

35 758 204 818 Romanam
224 758 386 832 appulsam
408 772 496 832 esse,
518 773 673 833 agrosque
688 758 769 818 circa
785 758 906 828 vexari;
928 775 1017 822 orare

36 842 210 916 praelectas
221 839 387 914 Emathiae,
404 847 436 900 ut
450 841 638 916 praesidium
649 842 800 904 adversus
815 843 1017 919 populatores

36 928 136 986 mittat.
166 924 215 984 his
235 924 322 984 lectis
343 924 481 985 hortatur
494 925 643 1000 Thracas,
669 933 703 986 ut
717 926 756 986 ad
770 927 914 988 tuendam
928 928 1015 988 Ema-

36 1008 111 1068 thiae
123 1023 212 1069 oram
223 1007 475 1083 proficiscantur=
496 1025 638 1084 magnam
648 1022 704 1071 eos
717 1011 843 1070 caedem
855 1012 1015 1085 praedam-

35 1107 92 1168 que
113 1091 228 1166 palatis
250 1091 368 1166 passim
390 1108 560 1178 peragras
582 1092 729 1154 Romanis
752 1095 897 1154 lecturos.
926 1096 1015 1156 simul

34 1177 131 1236 elevat
146 1177 260 1236 lamam
275 1176 427 1246 aduersae
442 1191 578 1252 pugnae:
600 1193 681 1252 quae
695 1177 723 1238 si
735 1193 810 1236 vera
822 1178 908 1253 loret,
923 1178 1016 1238 aliurn

33 1275 126 1336 super
149 1259 243 1320 alium
261 1267 402 1320 recentes
424 1277 463 1320 ex
485 1261 558 1336 luga
572 1267 718 1322 venturos
736 1261 842 1322 luisse.
866 1277 922 1336 per
935 1261 1015 1324 hanc

35 1360 157 1406 oausam
171 1343 339 1404 Thracibus
355 1345 513 1418 ablegatis,
530 1345 619 1406 simul
634 1352 847 1420 transgressos
859 1361 915 1407 eos
928 1345 1014 1426 Stry-

34 1445 153 1494 monem
165 1427 250 1500 vidit‚
264 1435 371 1503 portos
382 1429 500 1488 clausit.
515 1429 605 1488 XLV.
618 1430 706 1490 tertio
719 1429 769 1490 die
779 1430 909 1491 Perseus
924 1447 1014 1507 quam

36 1521 200 1588 pugnaturn
222 1520 286 1573 erat
300 1512 509 1588 Amphipolim
525 1513 616 1593 verrit.
638 1514 710 1574 inde
725 1522 863 1576 oratores
879 1531 947 1576 cum
964 1533 1014 1578 ca·

36 1597 130 1658 doceo
147 1597 187 1656 ad
201 1595 328 1658 Paulum
342 1595 433 1657 misit.
449 1597 567 1657 interim
584 1597 713 1673 Hippias
729 1605 759 1658 et
772 1599 877 1660 lllldon
893 1607 923 1661 et
936 1600 1013 1660 Pan·

35 1680 171 1752 tauclrus,
187 1680 343 1756 principes
359 1681 526 1742 amicarum
536 1682 629 1756 regis,
644 1683 804 1755 Beroeam,
822 1699 883 1757 quo
896 1700 936 1743 ex
946 1682 1013 1743 acie

35 1765 247 1840 confugerant,
271 1764 331 1838 ipsi
352 1764 393 1824 ad
408 1767 566 1825 consulem
582 1765 711 1839 proiecti
725 1765 872 1825 Romanis
887 1766 1012 1826 dedunt.

36 1847 90 1909 hoc
111 1848 192 1908 idem
215 1855 245 1907 et
265 1848 345 1908 aliae
366 1848 513 1925 deinceps
528 1855 610 1909 metu
627 1849 788 1923 perculsae
802 1848 954 1924 parabant
969 1849 1011 1910 la-

1 1929 2 1962 *
35 1947 110 1992 cere.
134 1934 244 1992 consul
266 1933 380 1992 nuntiis
396 1932 541 1993 victoriae
556 1933 589 2006 Q.
604 1931 700 1992 Fabio
716 1932 778 1992 fillo
792 1941 823 1992 et
836 1933 869 1992 L.
884 1933 1012 1994 Lentulo

35 2024 63 2076 et
82 2016 116 2090 Q.
136 2015 260 2077 Metello
282 2031 351 2076 cum
373 2017 479 2078 litteris
499 2018 629 2077 Romam
650 2015 754 2076 missis
769 2015 870 2091 spolia
883 2014 1012 2077 iacentis

1 2127 2 2132 κ
36 2099 163 2160 hostium
178 2100 332 2160 exercitus
348 2100 502 2174 peditibus
519 2101 682 2174 concessit,
697 2098 852 2174 equitibus
865 2100 1011 2175 praedam

37 2184 216 2244 circumiecti
231 2183 306 2258 agri,
328 2183 400 2243 dum
415 2200 454 2244 ne
468 2183 599 2259 amplius
615 2183 736 2244 duabus
751 2182 891 2246 noctibus
907 2183 945 2244 ab
961 2199 1010 2246 ca·

38 2268 99 2326 stris
114 2268 270 2328 abessent.
299 2267 368 2342 ipse
384 2268 512 2343 propius
527 2282 610 2328 mare
624 2268 665 2326 ad
679 2267 817 2346 Pydnam
832 2275 933 2330 castra
947 2283 1010 2328 rna

2 2361 3 2364 ’
37 2350 82 2410 vit
113 2352 235 2411 Beroea
257 2354 405 2425 primum,
443 2351 555 2411 deinde
579 2350 800 2412 Thessalonica
820 2358 850 2412 et
874 2352 957 2411 Pella
981 2358 1011 2412 et

37 2433 177 2510 deinceps
204 2434 306 2495 omnis
331 2435 427 2494 terme
446 2433 628 2497 Macedonia
649 2436 728 2495 intra
748 2434 875 2495 biduum
897 2435 1008 2494 dedita.

2 2553 3 2590 t
37 2515 181 2594 Pydnaei,
208 2518 261 2592 qui
282 2517 416 2593 proximi
435 2525 536 2590 erant,
561 2518 696 2578 nondum
715 2518 861 2578 miserant
875 2519 1008 2590 legatos=

2 2635 3 2656 t
38 2601 188 2662 mullitudo
200 2601 357 2662 incondita
369 2603 501 2675 plurium
512 2601 602 2661 simul
612 2601 747 2676 gentium
757 2600 917 2673 turbaque,
930 2615 1009 2674 quae

38 2696 71 2742 cx
84 2685 148 2746 acie
164 2686 238 2760 luga
250 2684 282 2745 in
297 2701 391 2746 unum
407 2687 565 2760 compulsa
578 2690 650 2757 crat,
667 2682 826 2744 consilium
837 2689 868 2741 et
878 2696 1009 2742 consen·

3 2811 4 2836 ,
39 2781 97 2828 sum
110 2769 243 2829 civitatis
257 2769 461 2843 impediebam
484 2783 541 2829 nec
556 2768 681 2828 clausae
695 2765 787 2826 modo
805 2771 928 2840 portae,
951 2766 1009 2825 sed

3 2879 4 2882 =
38 2851 117 2912 etiarn
132 2850 346 2914 inaedificatae
362 2860 457 2913 erant.
479 2851 566 2912 missi
578 2852 682 2912 Midon
698 2857 729 2910 et
739 2848 933 2910 Pantauchus
949 2849 1007 2910 sub

3 2959 4 2964 κ
40 2947 131 2996 muros
147 2936 188 2995 ad
201 2936 389 3010 colloquium
404 2935 542 3009 Solonis,
567 2935 663 3010 quiin
679 2932 835 3011 praesidio
850 2941 929 2994 erata
953 2948 1008 3008 per

3 3015 4 3018 ’
39 3029 97 3078 etun
118 3018 264 3080 emittitur
278 3017 416 3078 militaris
432 3019 528 3079 turha.
548 3018 694 3093 oppidum
711 3015 847 3078 deditum
863 3017 1006 3079 militibus

42 3097 117 3161 latur
130 3100 346 3178 diripiendum.
374 3101 521 3176 Perseus,
544 3118 607 3161 una
622 3108 735 3174 tantum
753 3117 810 3176 spe
824 3087 1007 3162 Bisaltardn

40 3183 131 3245 auxilii
145 3193 306 3261 temptata,
327 3186 368 3246 ad
383 3203 463 3261 quos
478 3185 663 3260 nequiquam
678 3185 804 3245 miserat
817 3188 953 3260 legatos,
976 3185 1005 3243 in

41 3269 198 3330 contionem
215 3269 369 3344 processit
380 3270 551 3344 Philippum
564 3285 668 3328 secum
683 3269 778 3328 illium
789 3268 917 3340 habens,
933 3273 1007 3326 utet

40 3343 115 3420 ipsos
135 3353 419 3430 Amphipolitanos,
446 3359 476 3413 et
496 3353 630 3426 equitum
648 3353 860 3426 peditumque,
887 3349 939 3424 qul
954 3356 1006 3409 aut

40 3443 150 3509 semper
168 3438 266 3498 secuti
286 3445 339 3498 aut
359 3440 432 3511 luga
453 3437 563 3497 eodem
586 3435 677 3496 delati
698 3443 791 3508 erant,
814 3431 1005 3492 adhortando
