2368 3858
149 168 153 180 *
225 206 338 266 tlBltR
352 205 442 264 xlv.
466 204 662 304 cannam.
686 211 721 276 [a.
735 205 842 282 onos]
955 202 1018 266 26³

49 366 240 434 acceperunta
262 373 352 417 soror
373 355 534 432 plurimum
555 356 671 417 adiuvit
690 371 752 415 non
773 357 902 418 oonsilio
924 358 1016 418 modo

4 516 8 523 Ι
51 445 98 504 sed
111 443 200 502 etiam
213 441 368 516 precibus.
402 440 507 513 itaque
522 439 782 500 consentientibus
803 440 919 502 cunctis
940 457 1018 515 pace

49 529 117 586 tecta
130 525 357 585 Alexandream
371 523 531 597 recipitur,
553 538 593 582 ne
612 522 803 583 multitudine
824 523 948 598 quidem
963 524 1016 584 ad·

48 615 192 680 venante,
217 607 341 682 quaein
363 606 443 666 bello
459 621 520 666 non
541 622 597 682 per
618 606 810 667 ohsidionem
831 607 940 680 modo,
960 607 1017 666 sed

46 691 127 751 etiam
140 698 307 766 postquam
321 706 341 748 a
355 688 515 748 moenibus
531 689 710 750 abscessum
726 697 781 763 est,
803 690 875 765 quia
888 688 963 749 nihil
977 705 1017 748 ex

46 777 181 851 Aegypto
203 772 446 846 subvehebatur,
461 773 601 832 ¹omniurn
621 788 722 834 rerum
743 779 896 834 attenuata
913 773 1018 848 inopia

45 865 109 917 erat
127 856 176 916 his
191 873 263 918 cnm
276 855 382 916 laetari
400 855 585 916 Antiochum
603 857 789 916 conveniens
804 864 903 929 esset,
922 857 950 916 si
969 872 1016 916 re·

46 940 166 999 ducendi
183 942 252 1001 eius
267 954 362 1000 eausa
379 939 545 999 exercitum
558 939 733 1014 Aegyptum
748 940 935 1014 induxisset,
953 955 1016 1015 qno

1 1057 2 1104 ,
47 1023 179 1098 specioso
196 1023 284 1083 titulo
306 1023 345 1081 ad
366 1037 473 1081 omnes
486 1022 582 1082 Asiae
603 1028 634 1082 et
649 1022 795 1082 Graeciae
815 1024 953 1084 civitates
974 1023 1017 1082 le-

45 1107 211 1180 gationibus
232 1103 419 1180 recipiendis
439 1103 607 1179 litterisque
633 1105 819 1166 dimittendis
846 1122 923 1166 usus
943 1113 1017 1179 erat,

45 1190 326 1261 adeoestoffensns,
339 1189 472 1248 utmulto
480 1186 581 1248 acrius
595 1188 954 1264 infestiusqueadversns
962 1189 1016 1248 du·

45 1289 75 1333 os
82 1291 170 1349 qnam
177 1275 331 1334 adversus
344 1287 437 1332 unum
449 1277 571 1346 pararet
579 1271 701 1332 bellum.
717 1271 851 1350 Cyprum
863 1271 1017 1346 extemplo

44 1357 166 1417 classem
173 1357 275 1424 misit;
289 1357 358 1429 ipse
373 1353 470 1429 primo
479 1369 626 1414 verecum
635 1355 770 1416 exercitu
780 1357 1017 1432 Aegyptunrpe·

46 1447 102 1500 tens
116 1441 146 1500 in
159 1441 275 1500 Coelen
287 1437 407 1518 Syriam
419 1437 580 1513 processit.
605 1437 686 1498 circa
699 1439 905 1500 Rhinocolura
919 1437 1017 1499 Ptole·

45 1522 112 1582 noel
118 1523 231 1598 legatis
237 1521 397 1597 agentibus
404 1521 527 1596 gratim,
541 1521 625 1596 quod
638 1538 694 1597 per
706 1537 775 1582 eum
788 1537 914 1596 regnum
926 1521 1017 1596 patri·

45 1622 88 1665 un
98 1607 281 1682 recepisset,
296 1605 541 1680 petentibusque,
555 1612 589 1664 ut
601 1621 692 1666 suurn
706 1622 815 1666 munus
830 1612 973 1678 tueretur,
989 1612 1019 1664 et

45 1688 266 1765 diceretpotius
275 1687 421 1765 qnidfiari
431 1690 531 1762 vellet,
547 1703 638 1761 quam
651 1688 750 1749 hostis
765 1705 805 1748 ax
818 1689 904 1748 socio
918 1689 1017 1747 lactus

45 1772 172 1848 vietque
189 1773 282 1833 armis
294 1779 406 1847 ageret,
420 1771 582 1846 respondit
596 1787 657 1831 non
672 1773 758 1830 aliter
771 1785 872 1845 neque
886 1772 1019 1830 classem

46 1858 252 1917 revocaturum
277 1871 379 1929 neque
400 1855 566 1915 exercitum
590 1854 801 1926 reducturum,
829 1851 888 1912 nisi
909 1850 969 1912 sibi
990 1859 1021 1912 et

45 1945 100 1999 tota
110 1940 216 2018 Cypro
228 1946 259 1999 et
268 1939 389 2000 Pelusio
401 1953 538 2013 agroque
549 1937 600 2012 qui
613 1937 694 1997 circa
703 1935 896 1996 Pelusiacum
909 1934 1020 1996 ostium

46 2021 94 2080 Nili
108 2031 197 2084 asset
212 2023 380 2095 cederetur,
403 2021 547 2096 diemque
561 2021 747 2095 praestituit,
769 2018 847 2080 intra
868 2034 961 2094 quarn
981 2018 1020 2076 de

48 2106 274 2167 condicionibus
296 2106 428 2180 paractis
448 2120 635 2179 responsum
650 2105 812 2178 acciperet.
846 2103 910 2163 Xll.
936 2109 1020 2178 post·

49 2189 208 2262 qnamdies
217 2190 290 2250 data
299 2189 422 2249 indutiis
437 2185 631 2263 praeter-tid*
639 2187 853 2262 navigantibus
868 2186 947 2247 ostio
962 2182 1018 2244 Nili

48 2273 81 2331 ad
91 2272 256 2348 Pelusium,
273 2273 466 2348 perdeserta
479 2271 612 2332 Arabiae
626 2270 659 2309 **
674 2272 714 2331 ad
726 2271 892 2345 Memphim
907 2270 1019 2330 incole·

47 2354 119 2432 hant,
142 2365 176 2418 et
197 2357 237 2416 ab
258 2354 367 2418 ceteris
392 2355 572 2432 Aegyptiis,
601 2356 710 2428 partim
731 2355 887 2415 voluntate
913 2351 1021 2428 partim

48 2448 134 2516 rnatu,
155 2440 199 2500 ad
212 2439 438 2500 Alexandream
459 2438 588 2498 modicis
602 2438 759 2499 itineribus
774 2436 944 2497 descendit.
982 2434 1022 2493 ad

48 2519 215 2584 Eleusinem
229 2529 425 2596 transgresso
444 2521 575 2595 flumen,
604 2522 655 2594 qni
675 2523 762 2581 locus
784 2526 928 2594 quattuor
941 2514 1024 2576 milia

48 2605 385 2679 abhlexandreaabest
400 2604 492 2680 legati
500 2604 628 2666 Romani
636 2610 843 2663 occurrerunt.
858 2614 1023 2674 quoscum
1129 2669 1135 2680 ι

49 2687 242 2750 advenientes
268 2690 449 2762 salutasset,
475 2689 676 2761 dextramque
693 2685 823 2760 Popillio
842 2682 1023 2758 porrigeret,

49 2771 168 2833 tabellas
185 2773 214 2831 ei
227 2772 372 2848 Popillius
387 2777 513 2832 senatus
528 2772 701 2831 consultum
713 2769 860 2843 scriptum
873 2766 1023 2825 hahentes

50 2855 138 2929 tradit,
153 2862 248 2930 atque
263 2856 398 2915 omnium
411 2855 541 2930 primurn
555 2855 587 2914 id
602 2855 705 2928 legere
716 2852 807 2913 iubet.
830 2850 943 2927 quibus
955 2865 1023 2924 per-

50 2936 127 2998 lectis
148 2955 218 2999 cum
242 2955 277 2998 se
300 2939 563 2999 consideraturum
582 2936 726 2997 adhibitis
741 2936 863 3007 cimicia,
886 2933 960 3009 quid
981 2935 995 2994 l
1012 2963 1025 2974 ,.

50 3021 183 3083 ciendum
198 3022 258 3083 sibi
273 3030 358 3083 esset
369 3021 514 3095 dixisset,
536 3021 700 3096 Popillius,
716 3037 773 3094 pro
789 3026 891 3080 cetera
905 3018 1024 3092 asperi·

50 3107 102 3163 tate
123 3106 232 3180 animi,
255 3106 344 3180 virga
364 3121 454 3179 qnam
474 3103 505 3164 in
521 3120 616 3164 manu
638 3103 763 3178 gerebat
788 3100 1026 3175 circumscripsit

51 3201 161 3262 regem3
190 3205 229 3250 ac
253 3189 459 3264 „priusquam
485 3188 544 3248 hoc
578 3187 701 3248 chculo-
719 3187 853 3247 excedas
861 3189 879 3220 ‘⁴
907 3182 1026 3258 inquit“

52 3272 157 3340 „redde
172 3289 367 3348 responsum,
383 3270 502 3331 senatui
517 3271 601 3345 quod
612 3271 772 3330 referam.“
794 3268 1026 3341 obstupefactus

52 3360 104 3412 tarn
118 3356 254 3432 violento
268 3357 397 3431 imperio
409 3370 573 3429 parumper
585 3370 653 3414 curn
664 3351 857 3422 haesitasset,
874 3348 1026 3419 ,‚laoiam“

54 3433 142 3512 inquit
155 3439 263 3517 „quod
276 3447 382 3498 censet
394 3442 551 3497 senatus.“
576 3445 638 3496 tum
654 3437 776 3496 demum
789 3431 936 3506 Popillius
951 3429 1026 3489 dex-
