2424 3872
214 227 323 288 LIBER
336 227 468 288 XXXIX.
491 228 573 287 CAP-
587 237 631 290 ³9.
654 236 690 302 [a.
703 235 736 292 O.
750 237 810 302 184]
963 230 1003 296 37

124 379 238 440 XXXIX.
260 381 323 440 Hac
344 381 452 441 sedala
471 383 667 442 contentione
681 384 741 442 alia
755 384 885 445 subinde
900 387 931 446 c.
945 388 1004 448 De-

65 462 121 524 cimii
133 463 267 538 praetoris
281 473 377 525 morte
390 472 496 526 exorta
507 473 563 526 est
587 465 638 526 Cn.
652 465 783 526 Sicinius
795 465 867 527 eta.
879 468 1004 545 Pupius,

65 547 99 620 qui
115 548 213 608 aediles
233 548 372 623 proximo
393 565 474 608 anno
489 550 622 623 fuerant,
644 550 719 610 etc.
735 550 878 611 Valerius
893 551 1005 613 tlamen

62 628 131 690 blatis
148 639 174 692 ct
187 632 217 705 Q.
229 631 354 693 Fulvius
368 633 498 693 Flaccus
516 667 552 680 -
569 635 595 694 is
611 633 684 709 quio
698 634 806 694 aedilis
823 636 937 696 curulis
952 636 1005 695 de-

62 713 165 786 signatus
179 724 247 790 erat,
262 716 329 776 sine
345 725 417 791 toga
431 717 577 792 candide,
593 719 649 777 sed
661 718 793 778 maxirna
807 733 847 778 ex
862 717 1004 778 omnibus

62 798 264 858 contentione-
277 801 429 875 petebant.
449 807 663 877 certamenque
674 802 702 860 ei
715 817 783 864 curn
795 801 919 863 fiamine
931 810 1005 864 erat.

60 888 81 938 ct
88 888 226 956 postquam
236 883 334 958 primo
346 898 488 959 aequare,
505 900 577 945 mox
589 899 737 958 superare
747 885 835 946 etiam
848 895 896 948 est
908 887 1004 958 visua,

58 977 111 1036 pars
132 965 307 1027 tribunorum
327 967 426 1042 plebis
446 983 559 1042 negare
579 969 726 1029 rationem
746 970 811 1029 eius
831 969 1005 1030 habendam

59 1061 118 1119 csse,
132 1050 205 1122 quod
218 1051 298 1111 duos
314 1051 404 1110 simul
414 1068 495 1111 unus
507 1051 710 1126 magistratus,
725 1053 905 1126 praesertim
915 1069 1004 1114 curu·

58 1129 101 1202 les,
117 1147 205 1208 neque
225 1150 338 1208 cepere
359 1140 468 1208 posset
488 1150 545 1193 nec
565 1150 688 1210 gerere;
710 1151 782 1210 pars
801 1135 920 1209 legibus
935 1151 1004 1196 eum

58 1214 113 1274 solvi
130 1231 253 1292 aequum
269 1231 411 1292 censere,
432 1225 572 1293 utquam
585 1220 678 1278 vellet
692 1224 864 1292 praetorem
880 1218 1006 1278 creandi

57 1299 143 1371 mpulo
156 1308 290 1374 potestas
305 1301 401 1361 fieret.
423 1301 456 1360 L.
468 1300 594 1362 Porcius
611 1304 719 1361 consul
734 1301 831 1377 primo
843 1301 874 1359 in
886 1316 924 1361 ea
935 1316 1005 1360 sen·

57 1381 123 1440 tertia
134 1397 207 1458 esse,
222 1401 261 1444 ne
276 1400 388 1446 nomen
403 1385 471 1446 eius
486 1383 648 1460 acciperet,
664 1384 784 1457 deinde,
799 1392 832 1445 ut
846 1399 887 1444 cx
900 1392 1005 1445 aucto·

57 1463 118 1523 ritate
129 1474 244 1529 senatus
260 1469 342 1528 idem
356 1470 480 1542 laceret,
496 1469 673 1529 convocatis
689 1469 826 1544 patribus
840 1469 955 1529 relerre
969 1485 1005 1529 se

57 1545 140 1608 aleos
158 1551 244 1624 dixit,
268 1553 353 1626 quod
374 1567 431 1612 nec
450 1552 516 1612 iure
534 1554 597 1612 ullo
619 1567 676 1613 nec
696 1554 838 1628 exemplo
853 1549 1004 1615 tolerabili

56 1629 139 1692 liberae
157 1635 267 1696 civitati
288 1635 395 1696 aedilis
411 1635 524 1696 curulis
540 1635 716 1710 designatus
732 1643 905 1712 praeturam
920 1643 1003 1710 pete-

56 1719 92 1782 rot,
103 1715 159 1792 sibi,
172 1719 230 1780 nisi
245 1720 321 1795 quid
336 1719 418 1778 aliud
432 1717 473 1778 iis
485 1717 651 1794 videretur,
663 1720 694 1778 in
710 1721 810 1779 animo
826 1735 896 1779 esse
907 1734 925 1778 e
936 1720 1005 1793 lege

56 1796 147 1859 canitia
159 1801 282 1863 habere.
310 1807 413 1876 patres
430 1809 629 1876 censuerunt,
650 1803 692 1863 uti
706 1803 739 1862 L.
753 1802 880 1862 Porcius
896 1803 1005 1861 consul

56 1893 103 1940 lum
114 1881 141 1956 Q·
156 1885 263 1947 Fulvio
280 1893 399 1962 ageret,
420 1903 460 1946 ne
473 1885 690 1960 impedimento
706 1893 805 1956 esset,
828 1900 889 1958 quo
904 1885 1004 1944 minus

23 2013 25 2034 ,
55 1962 144 2026 comta
162 1970 315 2045 praetoris
335 1968 365 2028 in
386 1970 488 2029 locum
503 1969 535 2029 c.
549 1968 676 2029 Decimii
697 1967 885 2042 subrogandi
905 1968 1006 2041 alege

23 2035 26 2176 l
53 2041 215 2114 haberemur.-
245 2053 347 2128 agenti
360 2053 480 2113 consuli
495 2068 534 2112 ex
549 2059 674 2114 senatus
690 2051 831 2112 consulto
846 2050 1006 2126 respondit

23 2177 25 2222 5
53 2125 252 2208 llaccusnihil,
275 2137 361 2212 quod
375 2151 410 2196 se
424 2137 580 2212 indignum
595 2143 692 2211 esset,
715 2138 872 2196 iacturum.
904 2134 1004 2195 medio

23 2223 25 2292 l
52 2226 174 2289 taponso
185 2237 275 2296 spem
287 2220 325 2280 ad
339 2221 524 2281 voluntatem
535 2220 800 2296 interpretantibus
812 2220 928 2279 lecerat
938 2234 1005 2278 ces-

23 2293 25 2394 l
54 2309 131 2359 tuum
143 2312 261 2377 patrum
272 2303 442 2364 auctoritati
455 2319 535 2364 esse.
558 2302 686 2364 comitiis
699 2304 799 2364 acrius
812 2303 902 2364 etiam
915 2317 1006 2376 quam

23 2403 25 2452 l
52 2385 101 2440 tlte
114 2388 246 2462 petebat,
269 2387 457 2448 criminando
473 2386 649 2462 extorqueri
663 2385 722 2448 sibi
737 2403 756 2446 a
771 2387 897 2447 consule
913 2394 943 2445 et
958 2399 1006 2444 se-

23 2455 25 2526 l
52 2468 104 2524 natu
115 2471 215 2545 populi
227 2469 360 2532 Romani
374 2471 572 2543 beneficium,
590 2477 621 2531 et
634 2469 779 2530 invidiam
794 2469 936 2544 geminati
950 2468 1005 2528 ho-

23 2531 25 2618 l
53 2547 112 2608 cons
121 2552 191 2630 lieri,
202 2561 360 2630 tamquam
371 2569 433 2614 non
445 2561 617 2629 appareret,
628 2555 681 2614 ubi
693 2553 870 2628 designatus
883 2557 1006 2626 praetor

23 2629 25 2776 h
52 2639 120 2707 esset,
133 2637 284 2714 extemplo
299 2636 454 2698 aedilitate
468 2652 503 2700 se
517 2637 737 2697 abdicaturum.
767 2635 877 2694 consul
892 2649 960 2694 curn
976 2638 1007 2692 et

23 2779 25 2796 ἶ
53 2715 221 2781 ltrlinaciam
247 2721 378 2796 petentis
404 2735 546 2793 crescere
572 2727 602 2780 et
622 2721 759 2779 levorem
779 2717 887 2794 populi
908 2716 1006 2790 inagis

23 2805 25 2880 ξ
52 2800 183 2878 musisque
194 2805 225 2867 in
237 2821 307 2865 eum
317 2802 456 2865 inclinari
468 2809 615 2877 cerneret,
630 2801 763 2863 dimissis
777 2800 905 2863 comitiis
918 2816 1006 2861 sena-

23 2881 25 2974 ᾗ
52 2880 96 2938 un
114 2889 241 2948 vocavit
278 2894 464 2950 censuerunt
483 2889 674 2962 trequentes,
701 2884 845 2962 quoniam
863 2884 1007 2946 Flaccum
1101 2887 1105 2894 '

52 2965 187 3030 auctoritas
202 2977 323 3047 patrum
337 2971 411 3033 nihil
424 2971 582 3044 movisset,
598 2971 638 3034 ad
651 2971 801 3047 populum
817 2986 885 3030 cum
894 2969 1006 3028 Flacco

23 3059 24 3130 f
53 3051 184 3115 modum.
212 3055 355 3115 contione
368 3056 519 3116 advocata
534 3071 603 3116 cmn
617 3055 733 3130 egisset
747 3055 870 3128 consul,
891 3069 930 3112 ne
943 3060 1008 3113 turn

23 3143 24 3210 j
53 3127 149 3197 tuden
169 3138 208 3198 de
229 3139 379 3200 sententia
398 3145 499 3200 motus
520 3138 632 3214 gratias
653 3139 768 3214 populo
783 3138 921 3198 Romano
937 3137 1007 3210 egit,

23 3265 25 3330 3
53 3216 118 3360 {god
129 3225 209 3281 tanto
225 3222 340 3294 studio,
357 3223 610 3298 quotiescumque
625 3221 829 3366 dleclaransdae
842 3219 1007 3360 νοΙιιηῐαιῖιίὶεο

23 3337 24 3352 l
93 3311 107 3354 θ
877 3327 884 3361 a
921 3319 976 3362 ltsl
998 3318 1009 3358 t

53 3306 1009 3478 ttttlllllttttlll‘ttlltlltllbttllttltfitu

53 3467 109 3524 tero
126 3475 184 3530 tarn
204 3473 352 3534 obstinata
375 3490 437 3534 vox
457 3480 574 3534 tanturn
594 3472 622 3532 ei
643 3473 778 3532 levorem
800 3466 954 3534 accendit,
976 3470 1009 3520 ut
