2328 3870
198 211 394 274 emunxti.
418 213 500 274 cnr.
519 221 617 278 ran.
639 214 676 291 p.
694 220 725 270 c.
742 217 804 292 no]
934 214 993 288 ur

1 369 2 417 ῑ
44 368 104 430 dictu
125 366 233 428 tertium
252 366 320 427 idus
338 365 470 426 Sextiles
486 367 589 427 edixit.
620 366 720 441 plenis
736 366 914 440 religionum
930 369 989 428 ani-

1 470 2 530 j
42 453 84 510 nis
97 449 223 524 prodigia
236 449 363 524 insuper
379 450 528 526 nuntiata,
550 451 672 512 Tusculi
688 452 785 512 lacem
801 450 832 511 in
849 452 934 512 caelo
949 454 993 513 vi-

46 550 98 607 sun,
111 532 205 593 Gabiis
219 533 326 594 aedem
337 534 490 609 Apollinis
503 542 532 594 et
545 537 662 610 privata
673 533 816 595 aedilicia
826 537 993 611 complura,

1 663 2 682 2
46 615 168 678 Graviscis
191 634 308 678 murmn
335 625 518 694 portamque
539 619 577 679 de
599 620 685 680 caelo
708 625 797 680 tacta.
831 633 868 676 aa
890 627 993 693 pubes

1 716 2 720 ¹
41 701 176 775 procurari,
190 700 232 762 uti
248 701 409 777 pontifices
426 701 628 777 censuissent,
644 703 809 764 iusserunt

1 781 2 872 i
101 785 169 846 Dum
185 787 327 848 eonsules
344 787 472 861 primum
486 787 661 862 religiones
680 786 793 848 deiude
808 791 935 850 alterum
951 789 993 848 al·

1 887 2 957 l
41 868 199 931 bellusmons
213 877 245 930 et
259 870 381 930 comitia
395 878 426 931 et
435 870 608 932 Latinarum
621 871 799 935 instauratio
813 873 992 948 impediunt,

1 971 2 1030 p
40 951 129 1012 interim
145 953 173 1012 0.
189 952 334 1015 Claudius
349 953 516 1016 exercitum
531 956 571 1016 ad
581 955 739 1029 Mutinam,
757 973 848 1030 quam
863 957 992 1032 Ligures

1 1032 2 1043 ’
39 1035 116 1109 priore
133 1052 208 1098 anuo
232 1045 392 1114 ceperant,
415 1039 560 1100 admovit.
593 1047 662 1099 alite
678 1039 811 1102 triduum
828 1058 920 1116 quam
936 1057 991 1115 op·

39 1133 147 1193 pugnare
161 1129 320 1197 coeperat,
335 1130 492 1198 receptam
506 1139 546 1182 ex
561 1122 701 1184 hostibus
717 1125 836 1185 colonis
852 1124 992 1184 restituit.

39 1211 88 1264 coto
101 1205 173 1265 milia
185 1205 227 1266 ibi
237 1205 384 1280 Ligurum
399 1207 477 1268 intra
490 1223 595 1269 muros
611 1222 718 1276 cacsm
741 1208 920 1284 litteraeque
931 1208 992 1268 Ro-

38 1301 96 1348 mam
107 1289 252 1364 externplo
267 1291 411 1366 scriptae,
428 1291 542 1367 quibus
557 1307 618 1351 non
632 1291 800 1352 madorem
813 1299 992 1368 exponeret,

38 1370 166 1437 sedetiam
179 1373 362 1448 gloriaretur
375 1391 434 1436 sua
447 1375 557 1436 virtute
567 1389 604 1436 ac
614 1375 756 1436 felicitate
768 1376 920 1440 nemiuem
932 1375 992 1436 iam

0 1498 1 1547 ,
37 1454 173 1532 cisallpes
198 1457 322 1520 hostem
346 1459 452 1534 populi
476 1459 621 1533 Romani,
648 1458 776 1535 agrique
805 1461 992 1538 aliquantum

0 1548 1 1563 ¹
37 1545 136 1616 captum,
152 1542 201 1616 qui
216 1543 320 1604 multis
334 1542 455 1604 milibus
468 1543 627 1606 hominum
641 1544 735 1605 dividi
751 1545 861 1607 viritim
873 1552 992 1621 posset.

37 1621 103 1682 till.
122 1633 149 1686 et
160 1626 202 1686 Ti.
219 1626 423 1702 Sempronius
438 1627 548 1688 eodem
562 1636 701 1704 tempore
715 1627 745 1688 in
761 1628 902 1690 Sardinia
916 1629 991 1688 mul·

37 1703 199 1772 tisseoundis
221 1711 351 1786 procliis
367 1711 487 1772 Sardos
506 1713 689 1787 perdomuit.
720 1713 895 1787 quindecim
910 1711 993 1771 milia
1023 1775 1027 1782 ,

36 1784 137 1854 bostium
150 1802 221 1856 sunt
235 1811 345 1858 caesar
368 1811 475 1856 ornnes
488 1795 657 1857 Sardorum
672 1796 789 1871 populi,
806 1797 858 1871 qui
870 1797 992 1856 delere

35 1881 94 1949 mul,
110 1877 138 1938 in
157 1880 312 1940 dicionem
325 1879 451 1941 redacti.
479 1879 688 1956 stipendiariis
703 1879 858 1940 veteribus
875 1878 989 1953 duplex

36 1959 136 2036 uectigal
154 1963 337 2040 imperatum
358 1972 578 2040 exactumque:
607 1962 700 2023 ceteri
722 1963 903 2024 trumentum
920 1977 992 2024 con-

0 2060 1 2113 t
35 2041 144 2107 illerum.
180 2056 291 2124 pacata
316 2047 476 2123 provincia
503 2047 728 2122 obsidibusque
749 2063 789 2108 ex
809 2053 873 2109 lota
893 2049 993 2112 insula

0 2148 1 2181 t
36 2121 145 2191 ducenos
155 2132 280 2208 triginta
290 2133 426 2208 acceptis
441 2133 532 2208 legati
543 2135 681 2208 Romam,
698 2131 750 2206 qui
763 2133 992 2206 renuntiarent,

36 2207 105 2286 tissi,
119 2216 236 2293 quique
245 2217 285 2277 ab
301 2225 408 2278 senatu
424 2225 577 2294 peterent,
591 2226 624 2279 ut
639 2218 679 2278 ob
694 2233 748 2278 eas
763 2233 815 2279 res
831 2219 925 2279 ductu
940 2235 993 2277 au·

37 2293 223 2373 spicloquert,
239 2300 586 2378 Sempronii‘prospere
608 2310 712 2377 gestas
735 2302 794 2362 diis
816 2299 992 2362 immortali-

0 2454 1 2469 }
35 2371 75 2437 bus
87 2379 176 2444 honos
189 2385 371 2460 baberetur,
393 2385 516 2460 ipsique
531 2385 692 2446 decedenti
708 2386 748 2445 de
763 2387 925 2462 provincia
940 2401 993 2444 ex-

35 2462 245 2528 ercitumsecum
258 2469 424 2544 deportare
433 2469 547 2530 liceret.
570 2477 696 2532 senatus
709 2470 738 2528 in
750 2470 829 2530 aede
841 2469 993 2544 Apollinis

0 2546 1 2577 ³
35 2539 168 2637 legatorum
183 2551 290 2614 verbis
305 2553 417 2615 auditis
432 2555 690 2629 supplicationem
705 2554 735 2611 in
748 2553 874 2614 biduum
888 2554 993 2612 decre-

35 2639 74 2717 tl,
92 2641 118 2694 et
130 2637 330 2713 quadraginta
349 2637 518 2698 maioribus
531 2637 641 2698 hostiis
657 2636 802 2702 consules
819 2635 995 2695 sacrificare

0 2762 1 2765 ,
34 2713 375 2802 russitTirSempronium
385 2723 605 2798 proconsulem
617 2720 848 2795 exercitumque
860 2735 897 2793 eo
911 2733 991 2778 anno

0 2874 1 2881 ἵ
35 2805 55 2850 111
66 2802 209 2870 provincia
222 2821 358 2866 manere.

96 2884 216 2949 comitia
237 2889 351 2949 deinde
372 2889 509 2950 consulis
530 2887 622 2950 unius
638 2888 843 2964 subrogandi,
867 2887 994 2964 quaein

36 2969 84 3022 lule
96 2969 168 3032 diem
184 2973 307 3034 tertium
322 2989 421 3034 nonas
433 2971 566 3034 Sextiles
582 2973 683 3034 edicta
698 2982 793 3050 erant,
810 2988 848 3036 eo
860 2975 931 3051 ipso
944 2972 995 3033 die

36 3056 90 3145 suut·
100 3057 243 3120 conlecta.
270 3057 304 3132 Q.
320 3056 456 3119 Petillius
470 3059 579 3118 consul
595 3058 754 3134 collegam,
771 3058 823 3134 qui
839 3057 993 3131 extemplo

0 3160 1 3169 2
36 3139 213 3220 magistratum
227 3141 398 3217 occiperet,
415 3142 529 3202 creavit
549 3140 580 3200 C.
595 3139 754 3204 Valerium
765 3142 943 3202 Laevinum.
967 3142 994 3199 is

36 3224 77 3306 ltu
93 3219 138 3282 diu
158 3225 290 3300 cupidus
310 3225 506 3302 provinciae,
528 3242 598 3286 cum
619 3235 813 3302 opportunae
836 3223 994 3302 cupiditati

36 3307 83 3391 trus
95 3301 202 3370 litterae
216 3309 338 3370 adlatae
353 3317 458 3371 essent
471 3309 600 3384 Ligures
615 3311 794 3384 rebellasse,
809 3312 900 3370 nouis
917 3307 993 3367 Sex·

37 3378 112 3472 iltius
125 3393 285 3464 paludatus
297 3392 329 3433 **
344 3394 452 3454 litteris
469 3392 580 3454 auditis
596 3395 743 3456 tumultus
758 3395 824 3454 eius
840 3406 935 3452 eausa
950 3389 993 3446 le-

38 3472 130 3531 itonem
147 3477 262 3540 tertiam
284 3479 323 3538 ad
345 3477 377 3537 C.
394 3477 554 3538 claudium
575 3479 794 3554 proconsulem
816 3476 847 3533 in
866 3471 991 3531 Galliam
