2364 3862
177 211 240 300 ata
358 235 472 296 tlara
487 235 591 295 xtrv.
612 235 694 294 cao.
708 243 752 297 aa.
776 243 814 310 p.
826 241 860 294 υ,
872 261 895 295 0.
908 245 971 312 aar]

178 407 238 467 que
258 389 430 451 accuratius
446 390 590 463 celantur,
613 403 650 449 eo
667 387 785 450 laertius
802 390 985 465 loquacitate
1000 392 1134 468 regiorum

176 473 381 536 ministrorum
397 480 545 533 emanant.
628 537 635 550 ,

261 557 325 619 Sub
346 557 425 617 idem
446 565 568 632 tempus
588 556 701 618 Rhodii
722 558 812 632 legati
833 557 863 616 in
885 565 986 618 castra
1005 567 1134 620 venerunt

176 658 247 703 curn
261 641 370 702 iisdem
385 640 425 700 de
436 653 513 716 pace
524 640 685 714 mandatis
700 655 780 715 quac
790 642 906 701 Romae
917 641 1135 715 ingentemiranr

176 733 296 804 patrum
311 723 495 784 excitavere.
516 726 609 784 multo
629 723 832 799 iniquioribus
847 724 956 784 animis
971 741 990 785 a
1004 726 1136 787 castrensi

176 807 306 871 consilio
328 807 422 868 auditi
444 815 523 868 sunt.
552 808 656 883 itaque
678 823 746 867 curn
760 808 809 867 alii
825 808 1008 884 praecipites
1026 809 1134 870 sinere

177 907 295 968 sponso
317 891 454 966 agendos
470 890 503 928 **
519 891 643 965 castris,
665 892 871 966 pronuntiavit
886 897 957 966 post
971 892 1053 952 diem
1067 893 1137 969 quin

176 983 238 1038 tum
253 976 404 1036 decimum
425 989 460 1035 se
474 990 659 1050 responsum
675 975 825 1036 daturum.
850 973 983 1050 interim,
1004 983 1041 1037 ut
1060 991 1135 1052 appu

174 1066 269 1135 reret,
292 1066 436 1136 quantum
458 1057 682 1135 pacificantium
703 1058 893 1120 Rhodiorum
914 1059 1080 1120 auctoritas
1096 1075 1137 1119 va·

174 1145 292 1220 luisset,
305 1144 478 1204 consultare
490 1143 529 1203 de
540 1141 658 1202 ratione
668 1139 738 1200 belli
750 1142 876 1217 gerendi
888 1143 998 1218 coepit.
1014 1145 1137 1219 placebat

176 1229 368 1305 quibusdam,
390 1235 420 1288 et
432 1226 563 1287 maxime
578 1224 745 1286 maioribus
760 1233 841 1301 nato,
863 1241 919 1301 per
931 1227 1043 1302 Enipei
1058 1227 1138 1302 ripam

174 1312 421 1386 munitionesque
442 1310 502 1369 vim
523 1311 640 1370 lacere=
673 1309 818 1370 consertis
840 1316 870 1369 et
888 1309 950 1368 vim
972 1311 1136 1371 iacientibus

175 1395 322 1456 resistere
335 1394 524 1454 Macedonas
538 1410 600 1455 non
616 1409 721 1469 posse,
737 1408 777 1452 ex
791 1399 837 1454 tot
847 1393 981 1454 castellis
996 1392 1137 1470 aliquanto

175 1477 333 1540 altioribus
355 1493 391 1538 ac
412 1477 637 1548 munitioribus,
661 1493 740 1553 quae
757 1475 867 1537 validis
888 1477 1054 1552 praesidiis
1074 1479 1138 1537 inse

175 1562 308 1636 dissent,
334 1561 437 1637 priore
462 1576 543 1622 anno
568 1561 715 1622 deiectos.
744 1561 811 1621 aliis
834 1561 975 1636 placebat
995 1561 1138 1622 Octavium

175 1662 244 1707 cum
267 1647 367 1706 classe
380 1642 631 1704 Thessalonicam
653 1650 757 1720 petere
779 1652 809 1707 et
822 1644 1022 1720 populatione
1044 1644 1138 1705 marili-

175 1745 243 1790 mae
258 1745 331 1791 orae
346 1725 528 1802 distringere
543 1728 650 1804 copias
665 1729 781 1802 regias,
803 1734 836 1789 ut
851 1730 946 1788 altero
962 1729 1001 1788 ab
1018 1735 1099 1804 tergo
1112 1741 1139 1788 sc

177 1813 357 1875 ostendente
377 1811 458 1872 bello
475 1813 675 1873 circumactus
692 1813 731 1872 ad
746 1812 920 1872 interiorem
935 1819 1054 1886 partem
1067 1809 1139 1886 regni

176 1898 319 1958 tuendam
340 1896 456 1957 nudare
478 1895 580 1972 aliqua
596 1903 681 1972 parte
695 1896 842 1956 transitus
855 1893 964 1971 Enipei
979 1904 1139 1972 cogeretur.

176 1981 236 2055 ipsi
251 1987 359 2040 nutura
373 1987 403 2040 et
417 1981 563 2054 operibus
579 1979 835 2055 inexsuperabilis
849 1978 918 2055 ripa
932 1980 1098 2053 videbatur,
1116 1983 1140 2038 et

176 2071 389 2138 praeterquam
406 2063 490 2136 quod
505 2070 654 2124 tormento
663 2063 777 2138 ubique
788 2061 940 2139 disposita
952 2070 1066 2138 essent,
1079 2063 1139 2122 mis·

175 2147 282 2205 sitibus
303 2145 392 2204 etiam
413 2145 520 2204 melius
543 2153 572 2204 et
593 2147 721 2206 certiora
741 2147 804 2206 ictu
823 2147 930 2208 hostes
945 2148 988 2208 uti
1004 2147 1140 2207 audierat

175 2227 234 2288 alio
249 2227 408 2302 spectabat
421 2243 508 2286 mens
523 2234 585 2289 tota
600 2230 704 2300 ducis;
732 2230 924 2307 dimissoque
939 2231 1066 2292 consilio
1079 2230 1141 2290 Per·

175 2310 307 2372 rhaebos
320 2316 505 2371 mercatores
517 2311 652 2372 Coenum
663 2319 693 2372 et
703 2313 921 2390 Menophilum,
936 2322 1029 2375 notae
1040 2321 1069 2374 et
1078 2312 1140 2372 fidei

175 2396 235 2455 iam
257 2395 314 2457 sibi
338 2401 368 2454 et
387 2396 566 2470 prudentiae
587 2395 742 2471 homines,
765 2399 931 2458 arcessitos
947 2405 1066 2459 secreto
1081 2411 1139 2472 per-

175 2487 340 2553 cunctatur,
357 2481 465 2554 quales
482 2481 520 2540 ad
530 2479 742 2540 Perrhaebiam
755 2483 900 2542 transitus
915 2482 984 2543 sint.
1004 2497 1071 2541 cum
1082 2481 1141 2540 loca

175 2581 236 2626 non
250 2564 355 2640 iniqua
369 2579 441 2624 esse
453 2563 596 2638 dicerent,
613 2563 776 2639 praesidiis
789 2575 889 2625 autem
900 2565 994 2641 regiis
1007 2561 1141 2636 obsideri,

174 2665 261 2724 spem
283 2647 376 2724 cepit,
404 2647 431 2706 si
451 2657 541 2710 nocte
561 2648 728 2723 improviso
749 2648 851 2709 valida
869 2665 960 2708 manu
982 2648 1180 2724 adgressus
1178 2655 1180 2688 ¹

173 2731 392 2808 necopinantes
415 2739 512 2804 esset,
534 2731 613 2791 deici
635 2730 790 2806 praesidia
810 2748 923 2807 possea
946 2732 1046 2792 iacula
1066 2731 1139 2791 enirn
1178 2733 1180 2804 j

174 2823 204 2876 ct
219 2816 345 2888 sagittas
361 2821 391 2874 et
406 2822 506 2875 cetera
519 2813 668 2874 missilia'
660 2830 690 2874 rn
706 2815 853 2889 tenebris,
875 2814 928 2875 ubi
944 2814 1018 2891 quid
1034 2820 1141 2890 petatur
1178 2805 1180 2828 ’

175 2899 279 2971 procul
296 2897 450 2972 provideri
465 2905 605 2972 nequeat,
620 2897 736 2958 inutilia
751 2913 838 2968 esse;
861 2898 964 2974 gladio
980 2898 1141 2958 comminus
1178 2915 1180 2936 2

174 2979 237 3054 geri
259 2995 322 3038 rem
337 2980 367 3038 in
383 2979 532 3054 permixta
547 2981 650 3056 turba,
673 2999 734 3057 quo
756 2982 843 3042 miles
864 2984 1022 3043 Romanus
1039 2980 1141 3040 vincat
1179 2991 1180 3000 ³

173 3062 220 3122 his
242 3062 372 3122 ducibus
387 3079 514 3137 usurus,
536 3072 708 3140 praetorem
730 3065 886 3126 Octavium
901 3067 1079 3126 arcessitum
1092 3079 1141 3122 ex·

173 3147 284 3224 posito,
301 3145 373 3222 quid
390 3154 521 3221 pararet,
542 3149 723 3210 Heracleum
739 3165 809 3210 cum
823 3152 923 3210 classe
938 3156 1044 3225 petere
1057 3147 1141 3210 iubet

174 3241 204 3294 et
224 3229 304 3292 mille
324 3229 498 3291 horninibus
520 3233 627 3292 decem
648 3233 764 3293 dierum
786 3240 875 3294 cocta
897 3231 1012 3292 cibaria
1025 3231 1142 3290 habere.

173 3316 242 3392 ipse
261 3316 294 3374 P.
317 3313 492 3390 Scipionem
511 3315 653 3375 Nasicam
674 3316 708 3390 Q.
728 3317 854 3376 Fabium
869 3316 1033 3375 Maximum
1054 3311 1141 3373 lilium

64 3461 74 3486 ἱ
175 3399 947 3475 suumcumquinquedelectismilibusHerucleum
959 3395 1143 3472 mittit‚velut

174 3485 305 3544 classem
327 3499 551 3544 conscensuros
573 3483 612 3542 ad
627 3483 805 3542 maritimam
819 3499 903 3542 oram
919 3482 1069 3543 interioris
1083 3477 1138 3537 hie
