2328 3870
138 148 184 211 ω
349 149 465 211 llum
478 149 540 210 XL.
561 148 645 210 csl‘.
659 155 704 210 42
726 149 763 226 [a.
775 153 811 206 U.
823 170 848 204 e.
859 145 920 225 5¹12]

139 300 249 372 disset,
263 297 377 358 iudeiu
388 297 606 374 portureiietis
616 299 748 358 parabus
758 295 973 362 convenisset
982 296 1122 370 Romam,

141 391 220 443 mler
238 383 442 457 expoumdas
460 397 513 442 res
532 397 613 457 quas
631 382 674 442 ibi
692 382 860 458 gessisset,
877 379 960 440 baud
981 379 1077 441 dubie
1095 382 1120 440 iu

141 481 248 542 mea
259 466 434 544 murum
451 466 592 528 Gentium
610 465 761 526 uuounii
782 465 879 526 omnis
892 463 1034 526 maritimi
1051 479 1121 524 eau-

137 551 209 610 'sam
230 549 354 610 avetilz
374 565 414 608 ex
433 565 532 624 reguo
551 550 620 610 eius
636 565 744 610 omues
757 563 852 610 naves
865 561 952 618 esse,
975 563 1058 624 quae
1072 564 1121 608 su·

140 633 313 708 perimaris
323 648 409 693 oraru
419 633 627 708 depopulatae
635 641 757 701 eoseum
779 631 876 692 debis
885 630 981 694 rebus
991 647 1029 692 se
1040 632 1122 706 lega-

140 723 191 777 tos
214 715 354 787 mim‘sse,
378 731 438 775 aee
462 717 666 778 eouvmmndi
689 717 773 792 regis
796 720 976 792 poloemlem
1000 715 1121 808 leolam:

140 807 290 860 venerant
299 799 428 858 Beuum
437 800 562 875 legatia
572 801 690 872 Gentio,
705 801 760 876 qui
770 813 830 876 quo
841 804 980 872 tempore
991 798 1123 860 Romam

140 881 344 942 waveabudi
362 883 446 958 regis
466 899 563 945 musa
582 886 755 955 veu'mseut,
773 896 899 955 aestum
913 882 992 942 forle
1005 882 1122 942 eumin

141 965 254 1026 ultimis
268 965 408 1050 partibus
423 967 521 1028 luisse
533 969 621 1042 regui
634 969 783 1030 dieererlz
803 971 911 1039 petere
925 965 1070 1026 &ulium
1085 963 1123 1024 ab

139 1055 265 1123 senatu,
279 1065 320 1109 ne
333 1049 495 1112 crederem
508 1052 649 1112 mulius
663 1048 835 1112 criminibus
849 1049 880 1109 iu
895 1063 946 1123 se,
969 1064 1052 1124 quae
1067 1047 1124 1108 ini

141 1132 211 1193 miei
232 1132 424 1194 detulissent.
456 1136 498 1194 ed
516 1151 555 1194 ea
574 1134 725 1198 Duroniae
744 1131 857 1192 adiecit
875 1132 978 1194 multis
1000 1131 1124 1194 civibus

140 1215 287 1276 Mennis
307 1224 338 1277 et
355 1216 453 1278 soem
464 1218 563 1280 latini
583 1219 712 1280 uomirls
724 1214 851 1276 murias
866 1217 963 1276 iscus
977 1217 1008 1276 in
1023 1232 1124 1290 regno

138 1301 217 1372 eius,
232 1307 263 1360 et
276 1300 362 1359 eires
375 1300 532 1362 Romanos
545 1303 607 1364 diei
621 1302 772 1375 corcyrae
784 1298 919 1360 reb'neri.
941 1315 997 1360 eos
1009 1315 1122 1360 omnes

139 1381 269 1442 Donum
291 1383 404 1440 adduei
423 1385 551 1456 placuit,
577 1385 610 1444 c.
630 1381 786 1444 Claudium
807 1388 982 1458 praetorem
1003 1397 1123 1459 eogno-

140 1478 245 1536 seere,
266 1478 368 1538 neque
388 1471 460 1524 ante
474 1465 582 1528 Geutio
599 1463 663 1538 rffli
681 1465 831 1539 legatisve
850 1464 920 1530 eius
931 1482 1125 1544 responsum

222 1629 305 1689 luter
318 1631 429 1690 multos
443 1631 530 1704 alios,
547 1644 625 1704 quos
639 1632 813 1704 pestilentia
825 1633 895 1698 aas
909 1635 981 1696 anui
996 1634 1125 1696 absum·

138 1712 209 1787 psit,
225 1712 404 1774 saaerdotes
420 1727 541 1790 quoque
557 1712 676 1788 aliquot
687 1715 798 1778 mortui
812 1726 894 1780 suut
926 1719 960 1780 L.
975 1717 1126 1780 Valerius

137 1793 268 1856 Flaccus
283 1797 426 1871 poeldex
434 1805 569 1860 marmus
584 1802 647 1858 esta
669 1796 700 1858 in
712 1800 780 1862 eius
793 1800 898 1864 laeum
908 1801 1061 1864 suffectus
1077 1809 1128 1862 est

138 1877 172 1951 Q.
187 1877 301 1940 Dubius
320 1879 434 1941 hbeo.
458 1881 487 1942 Ρ.
501 1877 648 1952 Manlius,
671 1882 722 1956 qui
739 1899 839 1959 nuper
853 1901 893 1944 ex
907 1885 1055 1946 irlteriore
1071 1886 1127 1946 Hi·

138 1962 249 2034 spania
262 1963 404 2037 redierat,
418 1962 551 2025 ῑήαωνίι·
563 1965 671 2038 epulo:
693 1964 726 2038 0.
738 1965 864 2028 Fulvius
875 1967 916 2028 ll.
928 1968 962 2031 F.
974 1969 1004 2028 in
1017 1970 1126 2030 loeurn

137 2043 206 2103 eius
229 2045 365 2105 triumvir
384 2050 560 2118 cooptatus,
580 2053 643 2108 lum
663 2058 870 2122 praetextatus
886 2060 961 2113 erat.
992 2052 1032 2114 de
1046 2069 1128 2130 rege

136 2125 279 2186 saerilleo
294 2125 473 2187 sullleiendo
487 2125 519 2187 in
533 2129 634 2189 laeum
646 2129 698 2189 Gn.
711 2131 842 2194 Cornelii
853 2135 1035 2196 Dolabellae
1047 2152 1127 2198 eon-

136 2205 231 2268 tentio
251 2209 332 2269 inter
350 2210 378 2268 e·
400 2206 560 2272 Servillum
582 2212 757 2286 pontificem
777 2219 944 2282 mammam
965 2219 1023 2280 fuit
1043 2229 1078 2282 et
1092 2221 1128 2281 L.

137 2287 310 2350 Cornelium
323 2289 508 2354 Dolabellam
528 2295 720 2358 duumvirum
742 2301 898 2376 navalem,
920 2318 1013 2378 quem
1030 2312 1065 2364 ut
1081 2306 1128 2364 in-

136 2381 312 2446 assumet,
325 2373 463 2448 pontifex
477 2378 654 2453 magistratu
668 2397 740 2444 sese
754 2384 899 2446 abdicare
913 2386 1050 2448 iubebat.
1076 2404 1130 2448 re-

135 2457 318 2533 eusastiqae
335 2456 368 2516 id
382 2457 483 2519 labere
498 2461 538 2520 ob
553 2477 622 2524 eam
634 2479 698 2526 rem
713 2468 807 2528 mullo
821 2468 987 2532 duumviro
1002 2470 1092 2532 dieta
1108 2488 1130 2532 a

136 2539 295 2611 pontifice,
317 2539 419 2615 doque
433 2558 478 2618 ea,
494 2559 562 2606 eum
577 2558 788 2626 provocasset,
803 2560 953 2615 certatum
965 2554 1006 2613 ad
1019 2569 1129 2631 popu·

134 2620 205 2680 lum.
233 2638 302 2683 eum
322 2624 424 2698 plures
445 2626 504 2688 iam
524 2628 620 2692 tribus
637 2629 717 2692 iutro
731 2643 862 2696 vocatae
876 2637 961 2698 dieto
976 2653 1052 2698 esse
1070 2654 1130 2700 au·

133 2701 265 2798 dientem
279 2707 414 2780 pontiflci
428 2710 621 2774 duumuirum
631 2714 779 2789 iuberent,
796 2720 987 2795 multamque
998 2721 1130 2795 remitti,

134 2799 161 2878 ⁸.¹
175 2786 351 2859 magistratu
367 2805 401 2850 se
415 2791 600 2870 abdicasset,
615 2797 752 2862 ultimum
766 2801 806 2862 de
821 2805 908 2864 eaelo
922 2804 1009 2879 quod
1026 2806 1131 2866 eomi-

132 2871 173 2924 tra
186 2869 321 2931 turbaret
335 2872 501 2937 intervenit.
532 2879 639 2954 religio
657 2878 729 2942 inde
744 2883 799 2946 luit
817 2887 1020 2960 pontificibus
1035 2888 1131 2948 inau-

131 2951 261 3043 gurandi
282 2953 465 3019 Dolabellae.
497 2959 529 3022 Ρ.
549 2961 693 3024 Cloelium
721 2963 858 3028 Siculum
882 2970 1130 3045 inaugurarent,

133 3041 184 3124 ηυξ
206 3036 343 3098 seeundo
358 3038 428 3100 loeo
440 3042 639 3120 inauguratus
654 3056 728 3108 erat.
760 3053 846 3116 exilu
861 3053 933 3116 anni
949 3061 981 3114 et
995 3054 1029 3114 C.
1048 3054 1131 3116 Ser·

130 3108 219 3173 vllrus
233 3115 377 3182 Geminus
389 3126 526 3199 pontifex
535 3129 685 3191 maximus
696 3131 848 3196 depossita
863 3135 946 3196 idem
959 3138 1133 3199 decemvir

130 3205 289 3262 sacrorum
301 3203 363 3265 ibit.
389 3211 523 3282 pontifex
535 3210 564 3269 in
577 3213 677 3272 locum
689 3214 755 3276 eius
770 3233 789 3276 a
804 3220 936 3294 collegio
949 3229 1133 3297 cooptatus

128 3283 177 3368 θβῑ
192 3278 225 3351 Q.
240 3280 364 3350 Fulvius
380 3289 523 3362 Flaccum
545 3294 617 3354 iude
634 3295 773 3371 pontifex
786 3302 939 3364 maximus
954 3303 997 3364 Μ.
1014 3305 1133 3366 Aemi·

129 3353 187 3420 llus
202 3361 352 3448 Lepidus,
374 3389 442 3436 eum
462 3377 545 3437 mulli
563 3378 636 3438 olari
650 3377 707 3440 viri
722 3383 890 3458 petissent,
911 3394 942 3446 el
957 3387 1137 3451 decemvir
