2364 3862
187 215 250 278 aar
346 211 577 272 amunxmv.
593 209 786 273 cnarau.
803 213 997 282 [cuasam

188 374 244 428 abt.
269 367 299 426 C.
317 365 471 440 Sulpicius
485 369 610 438 praetor
625 378 682 422 sex
696 361 778 422 milia
790 370 939 436 togarum,
954 360 1077 437 triginta
1092 363 1153 421 tuni·

189 465 292 512 eurum
313 457 343 507 et
363 463 463 523 equos
483 447 674 522 deportanda
694 447 724 507 in
744 445 954 506 Macedoniam
978 445 1154 520 praebenda-

75 579 80 588 .
190 549 250 610 que
265 533 411 592 arbitratu
430 531 566 591 consulis
586 529 712 606 locavit,
734 538 764 590 et
784 530 892 605 legatis
906 529 1098 603 Epirotarum
1111 545 1153 604 pe

189 617 308 678 cuniam
326 631 382 690 pro
393 617 544 675 numento
556 613 661 685 solvit3
678 621 708 674 et
719 612 894 674 Onesimum
904 612 1054 691 Pythonis
1066 613 1153 686 filiun,

188 701 321 763 nobilem
336 699 545 773 Macedonem,
561 698 591 758 in
604 705 742 758 senatum
752 696 928 757 introduxit.
950 697 977 756 is
990 695 1078 771 pacis
1090 712 1154 755 sen·

190 802 247 861 per
275 790 382 843 auctor
402 781 468 856 regi
488 783 599 856 iuerat,
628 787 863 856 monueratque,
890 781 969 840 sieut
997 786 1084 854 pater
1102 780 1153 838 eius

190 868 348 942 Phiiippus
363 865 531 926 institutum
547 881 646 940 usque
661 866 700 926 ad
721 865 858 926 ultimum
871 864 951 924 vitae
969 863 1052 922 diem
1067 879 1153 922 serva-

191 953 243 1012 bat
257 950 394 1026 quotidie
413 948 506 1009 bisin
526 949 575 1009 die
591 949 725 1010 foederis
745 947 796 1008 icti
818 965 886 1008 curn
907 947 1055 1008 Romanis
1072 948 1153 1021 perte

190 1035 291 1110 gendi,
306 1040 338 1093 ut
352 1049 420 1093 eum
435 1049 560 1106 morem,
577 1033 679 1093 sinon
695 1047 824 1107 semper,
841 1031 948 1092 crebro
963 1039 1066 1092 tamen
1081 1045 1154 1090 usur·

193 1126 288 1194 paret.
326 1122 491 1192 postquam
513 1118 666 1177 deterrere
686 1131 754 1176 eurn
776 1116 894 1176 abelio
914 1115 1047 1190 nequiit,
1073 1115 1153 1190 primo

160 1197 162 1204 ’
192 1201 371 1263 subtrahere
386 1217 458 1260 sese
472 1216 529 1275 per
539 1198 615 1260 aiias
627 1206 719 1275 atque
731 1199 806 1260 alias
818 1215 939 1274 causas,
955 1215 995 1258 ne
1009 1198 1154 1258 interesset

193 1287 238 1361 iis,
256 1293 336 1361 quae
349 1301 411 1344 non
428 1284 584 1359 probabat,
601 1285 716 1358 eoepit:
737 1290 894 1358 postremo
910 1299 979 1344 oum
993 1289 1153 1357 suspectum

193 1387 228 1431 se
243 1385 315 1429 esse
331 1375 469 1428 cerneret
482 1374 513 1427 et
526 1366 709 1442 proditionis
729 1369 879 1428 interdurn
901 1367 1028 1428 crimine
1049 1366 1153 1426 insimu-

193 1453 257 1525 lari,
272 1452 311 1511 ad
327 1453 482 1511 Romanos
496 1450 674 1526 transfugit,
696 1465 807 1526 magno
827 1451 898 1512 usui
912 1451 1033 1512 consuti
1048 1450 1109 1510 tuit.
1127 1462 1154 1506 ea

119 1551 122 1558 ’
192 1535 382 1596 introductus
394 1534 424 1592 in
440 1535 554 1594 curiam
568 1549 636 1593 cum
651 1541 860 1608 memorasset
876 1541 1000 1595 senatus
1016 1535 1046 1593 in
1060 1536 1155 1594 formu·

193 1622 251 1679 iam
273 1618 426 1679 sociorum
449 1634 517 1678 euni
539 1619 644 1678 reterri
659 1618 762 1692 iussit,
782 1619 884 1679 iocum
905 1617 998 1680 lautia
1019 1615 1154 1693 praeberi,

194 1704 256 1778 agri
269 1701 432 1775 Tarentini,
448 1703 499 1777 qui
514 1702 656 1777 publicus
666 1703 772 1778 popuii
788 1704 916 1762 Romani
931 1710 1024 1776 esset,
1041 1701 1153 1760 ducenta

195 1803 299 1861 nagera
314 1784 389 1859 dari,
405 1791 435 1845 et
449 1786 543 1846 aedes
558 1787 678 1845 Tarenti
693 1786 761 1844 erni.
789 1787 832 1846 uti
852 1803 890 1846 ea
911 1792 1046 1860 curaret,
1067 1785 1096 1843 C.
1109 1785 1154 1842 lie

193 1871 282 1931 simio
299 1869 431 1945 praetori
442 1871 626 1929 mandatum.
941 1913 943 1924 ,

279 1955 430 2014 Censores
446 1968 573 2014 censum
583 1951 685 2014 idibus
696 1953 914 2012 Decembribus
927 1953 1066 2012 severius
1081 1963 1155 2026 quam

193 2043 262 2096 ante
276 2037 462 2097 habuerunt:
484 2036 584 2096 multis
606 2035 678 2111 equi
692 2036 834 2111 adempti,
855 2037 933 2096 inter
947 2051 1028 2110 quos
1042 2035 1074 2094 P.
1086 2032 1155 2094 Ruti-

195 2119 248 2191 iio,
276 2121 327 2192 qui
352 2119 491 2179 tribunus
517 2118 615 2193 plebis
637 2135 692 2178 eos
717 2119 866 2179 violenter
890 2127 1065 2192 accusarat,
1091 2117 1156 2176 tribu

193 2217 317 2276 quoque
342 2202 369 2261 is
393 2207 494 2262 motus
519 2209 549 2262 et
569 2202 703 2262 aerarius
729 2204 837 2264 iaetus.
876 2203 916 2262 ad
936 2217 1032 2278 opera
1052 2199 1156 2278 publiea

194 2285 333 2344 iacienda
348 2299 416 2344 cum
431 2285 476 2344 eis
498 2283 655 2344 dimidium
675 2303 714 2346 ex
734 2287 933 2362 vectigalibus
955 2285 1022 2347 eius
1041 2284 1106 2345 anni
1121 2289 1157 2340 at·

193 2368 335 2427 tributum
363 2383 402 2428 ex
431 2375 556 2428 senatus
579 2371 752 2430 consuitoa
775 2370 990 2446 quaestoribus
1005 2377 1099 2440 esset,
1121 2364 1155 2423 Ti·

194 2452 393 2525 Sempronius
410 2467 450 2510 ex
467 2467 504 2512 ea
522 2453 652 2527 pecunia
669 2469 749 2528 quae
761 2453 822 2529 ipsi
832 2455 974 2514 attributa
988 2460 1061 2527 erat,
1075 2451 1156 2510 aedes

192 2533 223 2593 P.
238 2534 375 2595 Africani
391 2550 472 2610 pone
484 2536 612 2596 Veteres
628 2537 667 2596 ad
680 2538 841 2598 Vortumni
863 2537 997 2612 signum,
1019 2535 1156 2597 lanienas-

193 2635 252 2693 que
268 2627 297 2678 et
309 2620 453 2680 tabernas
470 2620 649 2680 coniunctas
669 2621 698 2679 in
718 2620 872 2695 publicum
894 2621 980 2695 emit,
1000 2617 1157 2680 basilicam-

193 2719 253 2776 que
268 2703 437 2763 iaciendam
454 2703 584 2778 curavit,
609 2719 687 2779 quae
708 2711 818 2778 postea
839 2704 1022 2779 Sempronia
1036 2701 1154 2778 appelia-

194 2793 222 2845 iu
236 2792 293 2845 est.

275 2868 368 2927 XVII.
392 2869 453 2929 Iarn
465 2867 494 2928 in
507 2870 590 2928 exitu
601 2885 699 2930 annus
712 2878 784 2944 erat,
800 2878 830 2931 et
844 2877 971 2945 propter
981 2860 1155 2929 Macedonici

192 2953 321 3008 maxime
341 2951 412 3011 belli
440 2967 543 3012 curam
567 2953 597 3011 in
624 2955 817 3014 sermonibus
842 2953 983 3014 homines
1008 2951 1153 3016 habebant,

143 3109 146 3116 1
194 3049 273 3106 quos
288 3033 317 3090 in
334 3049 446 3093 annum
462 3035 606 3096 consules
622 3037 662 3095 ad
676 3037 842 3097 finiendum
859 3038 981 3097 tandem
1007 3037 1038 3097 id
1058 3034 1157 3096 bellum

146 3120 148 3124 ‘
193 3122 339 3176 crearent.
373 3116 478 3192 itaque
499 3125 623 3179 senatus
645 3123 816 3182 consultum
843 3122 1039 3193 factumest,
1064 3125 1096 3178 ut
1114 3116 1154 3174 Gn.

193 3197 341 3273 Servilius
356 3201 454 3275 primo
471 3218 596 3280 quoque
615 3209 755 3278 tempore
772 3205 812 3264 ad
827 3203 948 3264 comitia
962 3203 1102 3262 habenda
1115 3213 1154 3258 ve·

190 3283 276 3342 niret.
305 3289 430 3344 senatus
448 3286 621 3346 consultum
638 3285 793 3362 Sulpicius
815 3294 938 3362 praetor
955 3287 996 3348 ad
1014 3285 1155 3346 consulem

189 3369 284 3440 mint,
313 3369 473 3442 literaeque
502 3373 632 3429 consulis
661 3377 734 3444 post
769 3386 888 3444 paucos
924 3371 992 3431 dies
1023 3363 1153 3435 recitavit

192 3449 302 3520 quibus
320 3451 484 3514 antediem
502 3449 541 3488 **
562 3452 591 3509 in
607 3451 714 3511 urbem
728 3460 899 3513 uenturum.
927 3461 957 3514 et
978 3453 1084 3513 consui
1103 3463 1153 3508 nn·
1176 3486 1177 3489 ,
