2364 3862
224 219 456 281 ulauaxmn.
480 219 820 299 clu.a.o.p.c.1m]
950 221 1014 288 tta

49 372 167 434 llostilio
183 379 255 444 erat,
279 372 435 446 querellae
450 371 490 431 acl
508 378 647 432 senatum
663 373 783 433 delatae
799 382 870 434 sunt
883 381 913 434 et
927 375 1019 451 legati

49 458 122 532 regis
142 455 295 516 Gallorum
316 454 453 515 Cincibili
480 463 638 516 venerunt
670 456 762 517 irater
782 457 849 518 eius
870 458 966 518 verba
986 461 1016 520 in

49 549 148 600 senatu
160 539 241 612 lecit,
267 547 397 614 questus
412 540 592 614 Alpinomm
607 541 792 615 populorum
807 557 901 616 agros
916 544 1016 604 socio·

50 639 106 683 mm
121 639 242 684 suorum
265 623 484 698 depopulatum
506 623 537 683 c.
553 623 693 684 cassium
707 639 779 684 esse
794 630 825 683 et
838 625 910 684 inde
923 626 1017 688 multa

50 707 120 766 milia
136 705 293 767 hominum
314 705 344 765 in
367 707 543 767 servitutem
563 705 748 782 abripuisse
774 707 831 768 sub
845 709 927 769 idem
942 717 1017 771 tem·

55 805 103 864 pus
118 789 283 850 camon-um
304 790 515 863 lstrorumque
535 799 567 851 et
578 791 730 870 lapydum
744 792 836 866 legati
852 799 1012 854 venerante

53 873 134 933 duces
155 873 214 934 sibi
234 873 274 933 ab
296 874 425 932 consule
445 873 552 934 Cassio
573 874 703 948 primum
716 873 893 950 imperatos,
917 877 968 952 qul
985 877 1016 938 in
1086 927 1091 936 .

51 954 249 1016 Macedoniam
261 957 384 1017 ducenti
395 958 561 1017 exercitum
572 959 857 1029 itermoustrareuta
872 967 1015 1035 pacatum

50 1039 82 1098 ab
100 1051 132 1100 se
151 1047 308 1114 tamquam
329 1040 369 1100 ad
390 1038 471 1100 aliud
492 1040 604 1102 bellum
625 1042 793 1116 gerendum
809 1043 922 1104 abisse.
944 1045 1017 1104 inde

50 1137 82 1182 cn
98 1123 196 1184 medio
223 1135 401 1197 regressum
420 1124 528 1185 itinere
553 1121 705 1186 hostiliter
730 1139 915 1201 peragrasse
936 1127 1015 1188 lines

49 1219 123 1280 suos,
137 1206 250 1267 caedes
265 1207 383 1282 passim
396 1206 584 1283 rapinasque
599 1216 628 1269 et
641 1207 783 1268 incendia
798 1209 892 1277 factm
908 1224 966 1270 nec
980 1225 1016 1270 ss

48 1290 126 1350 adid
147 1291 285 1351 locorum
306 1290 401 1364 scire,
427 1299 663 1366 propterquam
684 1306 808 1351 causam
825 1292 943 1352 consuli
958 1308 1014 1368 pro

49 1373 177 1435 hostibus
192 1373 315 1454 luerint..
335 1381 365 1434 et
377 1375 486 1449 regulo
502 1375 659 1436 Gallorum
674 1375 795 1436 absenti
809 1379 840 1436 et
852 1374 901 1436 his
916 1392 1014 1452 popu·

48 1457 80 1516 lis
92 1471 273 1533 responsum
287 1463 338 1518 est
351 1467 490 1518 senatum
506 1473 552 1531 oa,
568 1459 745 1533 quaefacta
760 1466 941 1534 querantur,
962 1475 1014 1521 ne·

5 1565 7 1574 ι
48 1557 100 1616 que
111 1543 211 1603 scisse
222 1541 332 1616 lutura,
348 1556 450 1617 neque
465 1540 493 1600 si
504 1541 664 1614 sintfaeta,
680 1542 820 1617 probare.
833 1543 890 1602 sed
901 1541 1015 1606 indicta

47 1639 132 1686 causa
148 1625 455 1685 damnat-labeculam
466 1627 658 1686 consularem
669 1626 768 1686 virum
780 1626 922 1686 iniurium
933 1642 1014 1702 esse,

46 1723 108 1769 cmu
122 1708 148 1769 is
162 1708 207 1767 rei
221 1706 363 1784 publicae
379 1723 473 1770 eausa
487 1708 581 1771 absit:
603 1709 655 1769 ubi
670 1725 709 1770 ex
723 1708 905 1768 Macedonia
918 1710 1015 1770 redis·

45 1801 87 1852 set
97 1791 126 1852 c.
139 1791 274 1866 Cassius,
289 1800 360 1867 tum,
376 1793 403 1852 si
414 1807 517 1854 coram
531 1808 600 1854 eum
617 1807 747 1867 arguere
757 1793 878 1864 vellent,
894 1793 1017 1866 cognita

44 1882 224 1937 reseratum
239 1875 379 1938 daturum
395 1891 530 1951 oporam,
549 1876 594 1937 uti
609 1877 746 1937 satisfiat
763 1888 821 1936 nee
832 1875 1015 1951 responderi

45 1965 152 2020 tantum
171 1959 210 2020 iis
231 1959 389 2034 gentibus,
411 1960 468 2020 sed
489 1961 606 2035 legatos
622 1961 709 2033 mitti,
728 1961 807 2022 duos
822 1960 862 2020 acl
876 1961 1016 2034 regulum

45 2049 121 2104 trans
131 2043 238 2118 Alpes,
252 2050 316 2104 tres
328 2043 409 2104 circa
421 2059 477 2104 eos
489 2047 623 2121 populos
635 2045 757 2121 placuit
774 2043 828 2119 qui
838 2043 1015 2117 iudicarent,

6 2141 7 2144 ’
45 2143 117 2203 quae
131 2135 252 2204 patrum
266 2129 417 2188 sementia
431 2136 525 2188 esset.
540 2143 666 2188 munera
681 2129 754 2188 mitti
766 2129 872 2203 legatis
885 2143 925 2188 ex
935 2126 1016 2188 binis

6 2261 7 2266 ,
45 2211 159 2272 milibus
182 2209 262 2271 aeris
285 2219 480 2271 eensuerunt.
504 2213 625 2272 duobus
646 2210 790 2272 iratribus
809 2211 923 2286 regulis
938 2213 1016 2272 haec

44 2296 220 2370 praecipua,
241 2303 371 2371 torques
392 2296 454 2355 duo
474 2309 513 2354 cx
536 2297 672 2372 quinque
692 2298 798 2370 pondo
818 2296 884 2356 auri
900 2297 972 2356 lacti
987 2303 1018 2357 et

43 2395 113 2439 vasa
127 2385 272 2454 argentea
288 2376 424 2454 quinque
439 2393 478 2438 ex
493 2380 598 2454 viginti
613 2378 719 2456 pondo
735 2388 765 2438 et
777 2381 839 2439 duo
854 2378 926 2454 equi
941 2380 1017 2454 pha·

44 2461 121 2524 lerati
144 2477 214 2522 cum
235 2461 424 2536 agasonibus
446 2468 476 2522 et
496 2465 651 2538 equestria
672 2477 757 2522 amna
779 2478 815 2522 ac
837 2463 960 2536 sagula,
988 2471 1018 2522 et

43 2546 199 2607 comitibus
220 2561 327 2606 eorum
341 2547 524 2606 vestimenta
538 2547 641 2608 liberis
658 2547 829 2620 servisque.
851 2544 930 2604 haec
944 2543 1011 2604 mis-

43 2645 88 2690 sa=
111 2631 167 2690 illa
188 2629 360 2706 petentibus
382 2629 467 2702 data,
488 2638 522 2691 ut
544 2632 692 2690 denorum
712 2643 862 2702 equorum
882 2627 919 2685 iis
934 2642 1016 2687 com·

43 2715 184 2776 mercium
206 2722 291 2776 esset
311 2709 526 2789 enucendique
548 2729 588 2773 ex
602 2714 688 2774 ltalia
703 2716 841 2787 potestas
855 2710 950 2770 lieret.
973 2712 1015 2770 le·

45 2798 182 2870 geticum
198 2797 294 2858 Gallis
308 2795 395 2858 missi
410 2804 495 2856 trans
510 2799 607 2873 Alpes
629 2797 660 2857 0.
677 2796 797 2856 Laelius
811 2793 851 2854 ll.
867 2793 1017 2855 Aemilius

44 2879 188 2956 Lepidus,
213 2882 252 2940 ad
279 2889 399 2941 ceteros
424 2882 559 2957 populos
586 2881 617 2942 Ο.
645 2878 777 2942 Sicinius
802 2877 833 2940 P.
858 2877 1017 2939 Cornelius

24 2991 28 3006 1
46 2963 139 3025 Blasio
154 2965 188 3025 Τ.
203 2961 375 3025 Memmius.

119 3049 174 3106 Vl.
200 3047 363 3108 Multamm
390 3049 480 3109 simul
501 3049 649 3109 Graeciae
674 3046 833 3122 Asiaeque
854 3047 1018 3108 ciuitatium

46 3129 127 3206 legati
141 3131 273 3192 Romam
288 3139 506 3193 convenerunt.
522 3131 612 3208 primi
623 3131 828 3192 Athenienses
839 3129 1017 3192 introducti:

47 3212 62 3270 il
80 3232 113 3276 se
135 3215 221 3291 quod
242 3215 367 3276 navium
387 3215 548 3277 habuerint
561 3213 749 3290 militumque
763 3216 795 3274 P.
811 3213 927 3274 Licinio
944 3228 1017 3273 con-

46 3299 96 3356 suli
116 3306 149 3359 et
169 3297 201 3358 G.
215 3295 356 3360 Lucretio
372 3297 506 3372 praetori
519 3299 644 3360 misisse
658 3305 884 3375 exposuerunt,
907 3295 1019 3370 quibus

46 3393 93 3440 eos
108 3398 169 3443 non
184 3398 262 3442 usos
277 3383 418 3442 immenti
434 3380 492 3443 sibi
503 3390 624 3443 centum
634 3382 717 3443 milia
727 3385 908 3458 imperasse,
925 3378 1019 3453 quod,

48 3479 225 3541 quamquam
236 3465 370 3526 sterilem
383 3473 495 3536 terram
506 3473 599 3539 arent,
616 3467 767 3542 ipsosque
778 3465 867 3523 etiam
880 3465 1022 3534 agrestes

84 3565 108 3607 τ.
123 3566 186 3611 mvt
200 3566 277 3610 raas
292 3551 332 3608 V.
785 3554 817 3604 1³
