2364 3862
239 231 353 291 urana
367 232 471 291 nutv.
493 232 685 297 ennaea.
706 235 741 313 [a.
754 241 786 294 c.
800 239 860 314 ma]
959 235 1022 298 aaa

1 377 2 382 ’
58 385 206 460 cadmiae,
222 382 351 461 quadiu
368 383 496 445 consilio
511 385 655 460 agitatum
670 393 742 462 erat,
763 389 953 448 vastandam.
975 405 1026 450 se-

58 479 131 532 cretu
153 467 319 529 indicatum
341 465 457 528 cibaria
476 467 525 528 his
542 477 723 545 praepamta
742 471 782 530 ad
798 473 927 531 classem
944 488 1025 548 esse,

58 569 89 612 ne
104 553 176 629 quid
192 568 248 613 eas
263 559 441 612 moraretur.
464 551 535 613 inde
549 554 626 613 russi
648 554 742 614 duces
764 553 879 615 itineris
894 556 935 616 ita
950 556 1025 616 divi·

1 687 2 690 ,
57 638 120 696 llere
140 636 237 709 viam,
264 642 296 696 ut
318 634 558 709 quarta⁰vigilia
572 638 659 698 tertio
681 637 731 698 die
751 637 892 716 Pythium
914 639 1027 700 adoriri

1 725 2 732 ’
57 727 187 794 possent.
209 717 278 794 ipse
291 724 417 795 postero
433 716 497 790 die,
519 725 551 779 ul
565 719 713 781 detineret
727 735 830 796 regem
845 721 883 781 ab
899 721 1026 782 circum·

56 811 154 878 spectu
177 817 281 862 rerum
302 802 443 874 aliarum,
466 800 565 875 prima
584 803 653 863 luce
673 804 775 865 medio
793 804 824 864 in
846 806 935 866 alveo
958 822 1028 868 cum

55 885 230 946 stationibus
258 885 391 944 hostium
424 884 573 960 proelium
604 887 763 948 commisit
798 897 1027 966 pugnatumque

1 976 2 988 *
55 970 199 1044 utrimque
213 974 263 1029 est
276 967 336 1028 levi
350 976 511 1028 armatura.
533 984 591 1029 nee
604 971 797 1044 gravioribus
811 971 904 1032 armis
919 973 950 1032 in
965 979 1027 1035 tam

55 1052 201 1128 inaequali
220 1053 309 1111 alveo
333 1052 461 1126 pugnari
476 1059 605 1126 poterat.
629 1053 800 1115 descensus
814 1058 901 1130 ripae
914 1057 1026 1118 ubius·

55 1153 107 1210 que
121 1138 150 1195 in
168 1137 289 1194 alveum
302 1140 507 1196 trecentomm
522 1138 616 1195 lerme
630 1153 778 1211 passuum
793 1146 873 1212 erat,
894 1141 1027 1201 medium

0 1219 1 1236 ¹
55 1220 181 1294 spatium
202 1218 363 1289 torrentis,
389 1217 461 1279 alibi
482 1219 568 1280 aliter
589 1221 703 1295 cavati,
729 1223 822 1296 paulo
843 1222 914 1297 plus
936 1239 1028 1297 quarn

0 1299 1 1356 l
54 1303 125 1362 mille
146 1317 264 1378 passus
279 1301 411 1377 patebat.
433 1301 476 1362 ibi
491 1303 520 1362 in
536 1303 637 1364 medio
652 1305 863 1379 spectantibus
877 1305 1028 1382 utrimque

0 1447 1 1450 ,
54 1402 87 1444 en
106 1388 189 1446 vallo
211 1392 381 1446 castromm
401 1387 472 1446 hinc
491 1404 562 1460 repe
581 1386 653 1447 hine
673 1389 800 1448 consule
820 1404 889 1450 cum
904 1390 969 1450 suis
984 1393 1027 1451 le-

0 1521 1 1532 ,
53 1470 190 1543 poribus
216 1476 382 1545 pugnatum
402 1476 459 1529 est.
489 1471 656 1532 missilibus
678 1475 785 1547 procul
810 1473 894 1548 regia
914 1474 1026 1534 auxilia

54 1553 154 1614 melius
168 1552 363 1628 pugnabant3
386 1554 555 1614 comminus
567 1555 704 1615 stabilior
714 1564 745 1617 et
755 1556 847 1618 tutior
857 1564 910 1618 aut
920 1574 1027 1634 parma

55 1645 98 1698 ant
117 1645 208 1698 scuto
224 1636 381 1711 Ligustino
403 1638 560 1697 Romanus
575 1645 649 1698 erat.
672 1640 797 1700 meridie
811 1641 876 1700 iere
889 1639 1027 1717 receptui

54 1720 114 1779 cani
136 1720 204 1780 suis
226 1722 334 1781 consul
354 1720 451 1780 iussit.
480 1721 521 1782 ita
542 1735 580 1782 eo
602 1721 652 1782 die
672 1722 856 1802 diremptum
877 1725 1026 1799 proelium

55 1811 95 1864 est
112 1804 197 1864 haud
220 1804 325 1878 paucis
345 1803 499 1878 utrimque
518 1804 693 1864 interiectis.
722 1808 789 1865 sole
811 1810 877 1866 orta
899 1814 1025 1880 postero

0 1929 1 1950 2
55 1886 98 1946 die
111 1887 235 1948 irritatis
251 1886 415 1947 certamine
429 1886 537 1947 animis
553 1888 643 1947 etiam
657 1888 757 1948 acrius
773 1904 957 1950 concursum
969 1898 1026 1950 est.

55 1971 104 2028 sed
118 1970 248 2031 Romani
271 1987 332 2031 non
348 1971 386 2030 ab
400 1969 448 2030 bis
463 1977 592 2044 tantum,
615 1987 684 2032 cum
705 1971 817 2048 quibus
839 1979 1027 2034 contractum

55 2061 199 2114 certamen
216 2061 294 2125 erat,
322 2054 378 2114 sed
393 2056 486 2115 multa
501 2055 598 2129 magis
614 2056 652 2115 ab
669 2071 707 2116 ea
719 2056 924 2132 multitudine,
946 2073 1026 2132 quae

56 2136 242 2212 dispositam
265 2136 398 2198 turribus
413 2138 527 2212 stabat,
553 2137 636 2198 amni
650 2155 763 2214 genere
777 2140 936 2202 missilium
952 2144 1026 2202 tela-

56 2237 113 2279 mm
134 2236 172 2280 ac
193 2220 278 2281 saxis
298 2220 430 2281 maxime
444 2222 690 2283 vulnerabantur.
718 2224 770 2285 ubi
786 2225 914 2300 propius
928 2225 1026 2300 ripam

55 2303 180 2364 bestium
195 2304 361 2376 subissent,
377 2304 534 2366 tormentis
549 2306 645 2366 missa
659 2307 749 2368 etiam
766 2309 805 2368 ad
819 2309 942 2370 ultimos
956 2325 1025 2384 per·

57 2387 219 2448 veniebant.
248 2389 341 2448 multo
365 2388 502 2463 pluribus
524 2403 562 2449 eo
584 2390 634 2448 die
656 2389 778 2451 amissis
803 2393 911 2452 consul
932 2393 1025 2468 paulo

55 2470 147 2531 serius
158 2471 276 2547 recepit
286 2486 371 2532 suas.
394 2472 483 2532 tertio
494 2469 545 2532 die
556 2475 674 2548 proelio
687 2474 841 2547 abstinuit,
857 2475 1025 2548 degressus

56 2555 89 2613 ad
103 2555 189 2614 imam
206 2563 323 2631 partem
337 2561 516 2627 castrorum,
534 2557 625 2615 veluti
637 2572 693 2631 per
704 2558 856 2617 devexum
866 2556 1024 2616 brachium

57 2640 206 2700 transitum
221 2646 432 2714 temptaturus.
455 2623 597 2713 Perseus,
612 2641 696 2715 quod
711 2640 742 2699 in
758 2642 855 2701 oculis
870 2647 937 2700 erat

57 2803 177 2865 XXXVI.
200 2804 272 2864 anni
289 2810 359 2879 post
374 2805 587 2864 circumactum
603 2806 765 2867 solstitium
780 2813 853 2880 erat,
874 2805 950 2865 hora
964 2806 1025 2868 diei

57 2886 107 2946 iam
127 2889 165 2948 ad
187 2888 344 2948 meridiem
359 2889 520 2962 vergebat,
542 2889 599 2949 iter
619 2892 711 2950 multo
728 2893 853 2966 pulvere
868 2897 898 2951 et
913 2891 1025 2968 incale«

57 2979 151 3032 scente
166 2973 234 3033 sole
250 2974 362 3032 lactum
376 2978 450 3031 erat.
474 2972 623 3032 lassitudo
639 2979 669 3034 et
679 2974 745 3034 sitis
756 2974 815 3033 iam
828 2973 1024 3050 sentiebatur,

58 3062 83 3113 el
110 3056 278 3116 meridiano
304 3060 392 3114 aestu
417 3056 515 3129 magis
540 3069 740 3117 accessurum
764 3064 927 3133 utmmque
952 3075 1024 3119 mox

58 3142 224 3213 apparebat.
246 3138 350 3200 statuit
365 3136 411 3197 sic
426 3138 564 3200 adlectus
580 3140 694 3200 recenti
709 3148 802 3217 atque
813 3141 930 3216 integre
942 3142 1024 3202 hosti

59 3237 109 3281 non
124 3225 260 3284 obicere:
284 3221 340 3281 sed
360 3226 463 3281 tantus
485 3225 579 3284 arder
591 3224 621 3282 ln
637 3223 747 3284 animis
763 3226 802 3285 ad
817 3225 1023 3284 dimicandum

58 3307 198 3383 utrimque
218 3311 298 3379 erat,
320 3311 353 3366 ut
374 3307 493 3366 consuli
514 3324 577 3368 nun
597 3307 715 3368 minore
736 3317 799 3370 arte
815 3309 854 3367 ad
869 3323 944 3366 suos
960 3308 1023 3366 elu-

59 3388 165 3453 dendas
182 3405 274 3467 quam
288 3388 329 3448 ad
343 3388 449 3450 hostes
465 3407 544 3466 opus
559 3399 653 3452 esset.
674 3393 810 3452 nondum
825 3391 968 3450 omnibus
979 3389 1023 3448 in-

60 3477 167 3536 structis
184 3473 316 3536 instabat
330 3471 457 3532 tribunis
471 3476 606 3547 militum,
622 3483 655 3536 ut
668 3480 853 3534 maturarent
863 3472 1022 3545 instruere,

764 3556 818 3615 16*
