2424 3872
70 238 81 258 .
163 195 185 256 8
328 192 442 253 LIBER
452 189 583 252 xxxix.
607 189 689 250 CAP.
704 197 731 252 8.
743 198 770 252 9.
791 197 827 263 [ιι.
839 193 874 249 U.
887 212 910 248 c.
921 195 984 262 566]

168 362 247 422 quae
271 343 369 422 primo
392 341 500 418 paucis
518 340 629 402 tradita
649 347 735 417 sunt,
762 340 874 401 deinde
894 339 1012 416 uulgari
1033 348 1149 416 coepte
1202 419 1203 424 ἵ

122 423 126 426 ’
167 437 238 492 sunt
257 443 313 504 per
334 427 418 486 viros
433 426 647 501 mulieresque.
681 423 803 484 additae
819 424 991 499 uoluptates
1005 423 1147 500 religioni

166 515 228 574 viui
243 521 274 572 et
286 511 459 585 epularum,
475 525 536 583 quo
551 506 684 582 plurium
698 507 789 567 animi
804 507 996 568 illicerentur.
1017 523 1089 568 curn
1102 505 1149 566 vi·

167 613 239 658 num
253 595 371 655 animos
386 598 416 651 et
430 607 493 652 nox
508 598 538 651 et
550 590 636 651 mixti
647 591 765 651 leminis
775 605 886 665 mares,
902 591 1009 653 aetatis
1022 598 1151 651 tenerae

166 679 349 750 maioribus,
365 673 527 735 discrimen
543 690 633 735 omne
649 673 775 749 pudoris
791 675 1025 748 exstinxissent,
1041 690 1151 734 corru-

167 764 268 840 ptelae
292 760 423 835 primum
443 759 541 819 omnis
564 759 686 833 generis
706 757 773 818 fieri
794 766 937 834 coeptae,
964 758 1097 820 eumad
1119 757 1153 817 id

169 846 301 922 quisque
322 856 382 918 quo
399 849 507 902 natura
525 841 678 917 pronioris
693 841 825 902 libidinis
840 848 925 903 esset
939 847 1079 917 paratam
1094 855 1154 900 vo·

168 933 314 1024 luptutem
333 925 468 986 haberet.
501 940 559 986 nec
577 941 672 985 unum
691 939 789 1000 genus
810 939 925 997 noxae,
948 931 1055 1000 stupra
1077 939 1154 999 pro·

168 1013 286 1072 miscua
290 1011 502 1104 ‘ingenuorum
517 1007 757 1083 feminarumque
771 1017 868 1090 erant,¹
885 1009 941 1069 sed
957 1008 1026 1069 talsd
1040 1014 1155 1081 testes,

168 1096 247 1155 talsu
271 1093 360 1168 signa
383 1098 626 1168 testamentaque
647 1098 677 1153 et
696 1090 808 1152 iudicia
832 1107 870 1152 ex
892 1092 1000 1152 eedem
1025 1090 1155 1152 officina

169 1178 308 1238 exibant.
329 1189 449 1236 venena
464 1175 598 1235 indidem
617 1174 842 1250 intestinaeque
855 1176 984 1249 caedes,
1006 1175 1048 1235 ita
1062 1181 1098 1234 ut
1112 1188 1156 1232 ne

169 1276 301 1336 corpora
317 1259 441 1334 quidem
453 1259 655 1319 interdumad
667 1259 856 1333 sepulturam
868 1263 1032 1320 exstarent.
1054 1258 1156 1317 multa

169 1345 258 1419 dolo,
280 1344 427 1418 pleraque
447 1341 584 1417 pervim
603 1341 765 1401 audebant.
799 1341 960 1403 coemebat
979 1339 1042 1401 vim
1065 1339 1156 1415 quod

168 1443 243 1502 prae
262 1423 427 1485 ululatibus
448 1431 727 1502 tympanorumque
741 1431 771 1483 et
791 1424 1001 1502 cymbalorum
1019 1424 1158 1499 strepitu

168 1511 251 1568 nulla
275 1523 337 1568 vox
363 1504 567 1580 quiritantium
591 1507 670 1566 inter
692 1513 800 1579 stupra
820 1514 850 1567 et
869 1507 982 1568 caedes
1009 1505 1158 1568 exaudiri

169 1598 297 1666 poterat

251 1674 301 1732 lx.
323 1672 421 1733 liuius
442 1671 512 1731 mali
531 1673 617 1733 labes
638 1687 678 1731 ex
691 1671 811 1732 Etruria
826 1673 953 1732 Romam
968 1673 1062 1734 veluti
1078 1688 1158 1734 cou-

169 1758 291 1834 tagione
302 1755 402 1817 morbi·
410 1755 587 1830 penetravit.
609 1755 707 1831 primo
719 1755 803 1815 urbis
816 1756 992 1830 magnitudo
1004 1757 1160 1832 capacior

168 1840 393 1917 patientiorque
407 1839 512 1900 talium
522 1840 670 1900 malorum
682 1854 719 1898 ca
731 1839 854 1899 colevile
868 1840 992 1900 tandem
1003 1840 1159 1915 iudicium

168 1927 229 1986 hoc
248 1924 379 1984 maxime
399 1923 491 1984 modo
512 1923 553 1982 ad
567 1920 751 1984 Postumum
766 1922 925 1984 consulem
940 1923 1090 1998 pervenit.
1121 1923 1159 1982 P.

170 2008 330 2079 Aebutius,
345 2006 433 2069 cuius
448 2012 536 2080 pater
550 2006 673 2080 publico
688 2020 769 2080 equo
782 2005 937 2080 stipendia
951 2006 1078 2080 lecerat,
1095 2023 1160 2082 pu·

169 2091 260 2164 pilius
273 2089 413 2161 relictus,
434 2087 562 2148 mortuis
578 2088 689 2146 deinde
702 2087 854 2150 tutoribus
869 2090 927 2149 sub
941 2089 1037 2150 tutela
1050 2087 1159 2152 Duro-

169 2169 239 2231 niae
260 2170 364 2230 matris
385 2179 416 2230 et
434 2170 532 2229 vitrici
545 2171 579 2229 T.
595 2169 769 2244 Sempronii
781 2169 874 2233 Rutili
895 2173 1025 2234 eductus
1040 2173 1160 2236 fuerat.

169 2261 200 2315 et
213 2260 309 2314 mater
323 2252 426 2312 dedita
439 2251 506 2313 viro
522 2261 595 2327 erat,
611 2262 642 2314 et
655 2253 789 2328 vitricus,
806 2253 879 2330 quia
889 2258 1015 2317 tutelam
1026 2257 1070 2318 ita
1081 2273 1160 2332 ges·

168 2342 267 2408 serat,
281 2342 314 2395 ut
327 2335 474 2396 rationem
489 2335 620 2396 reddere
634 2353 695 2396 non
710 2345 834 2411 posset,
855 2344 907 2398 aut
920 2338 985 2400 tolli
999 2341 1162 2415 pupillum

169 2427 222 2479 aut
241 2419 407 2480 obnoxium
429 2416 488 2478 sibi
501 2417 624 2480 vinculo
640 2419 742 2493 aliquo
757 2421 823 2489 fieri
838 2422 990 2496 cupiebat.
1023 2423 1076 2483 via
1091 2440 1162 2484 una

169 2502 362 2576 corruptelae
372 2500 577 2561 Bacchanalia
590 2508 684 2561 erant.
709 2510 804 2564 mater
818 2504 1085 2567 adolescentulum
1098 2523 1160 2582 ap-

168 2587 277 2662 pellat·
300 2601 335 2647 se
351 2602 407 2661 pro
419 2598 512 2660 aegro
525 2599 562 2646 eo
575 2586 709 2660 vovisse,
723 2585 776 2646 ubi
788 2587 917 2660 primum
929 2588 1162 2667 convaluisset,

168 2668 298 2730 Bacchis
310 2686 379 2730 eum
391 2685 426 2730 se
436 2667 635 2739 initiatorem
651 2669 822 2730 damnatam
834 2671 896 2730 voti
908 2671 998 2732 deum
1011 2672 1161 2767 benigni-

168 2759 230 2812 tate
250 2755 412 2814 exsolvere
432 2754 464 2814 id
486 2755 573 2813 velle.
602 2751 708 2812 decem
729 2753 846 2812 dierum
866 2754 1048 2815 castimonia
1070 2773 1163 2831 opus

169 2849 256 2895 esse·
279 2835 398 2896 decimo
413 2836 463 2895 die
479 2822 633 2908 cenatum,
653 2835 764 2895 deinde
777 2852 855 2910 pure
869 2838 1006 2898 lautum
998 2853 1029 2898 in
1045 2854 1164 2900 sacra-

167 2918 246 2977 rium
269 2917 478 2980 deducturum
507 2925 642 2978 scortum
662 2918 765 2978 nobile
786 2918 926 2981 libertina
945 2921 1075 2997 Hispala
1095 2923 1162 2984 Fe-

170 3002 271 3075 cenia,
294 3018 357 3076 non
377 3002 471 3078 digna
491 3009 636 3077 quaestu,
659 3001 707 3062 cui
722 3001 862 3063 ancillula
877 3004 1037 3078 adsuerat,
1059 3004 1163 3067 etiam

169 3091 334 3160 postquam
359 3082 547 3146 manumissa
571 3091 649 3159 erat,
674 3086 783 3145 eodem
807 3101 843 3146 se
862 3101 975 3160 genere
996 3087 1161 3149 tuebatur.

169 3167 240 3228 huie
262 3171 452 3232 consuetudo
473 3169 558 3232 iuxta
573 3170 755 3230 vicinitatem
772 3185 838 3229 cum
855 3170 987 3231 Aebutio
1003 3169 1074 3245 tuit,
1097 3173 1161 3232 mi-

169 3251 250 3312 nime
275 3254 480 3316 adolescentis
504 3255 549 3314 rei
570 3260 622 3315 aut
645 3255 745 3314 lamae
770 3254 932 3313 damnosa:
964 3254 1045 3314 ultro
1068 3255 1163 3316 enirn

170 3345 290 3400 amatus
305 3339 521 3415 appetitusque
537 3347 609 3413 erat,
625 3347 655 3400 et
668 3338 797 3412 maligne
813 3335 914 3396 omnia
927 3336 1159 3409 praebentibus

169 3421 237 3482 suis
252 3422 461 3484 meretriculae
475 3423 680 3484 munificentia
695 3419 908 3482 sustinebatur.
934 3418 1007 3494 quin
1022 3435 1061 3480 eo
1077 3437 1157 3498 pro
