2368 3858
263 200 377 261 traua
398 200 487 260 xav.
511 200 869 275 CAP.9.10.[a.0.1ee]
995 199 1058 266 adl

85 351 221 426 Europae
236 367 270 410 se
284 359 383 412 tamen
399 350 510 412 finibus
525 353 688 428 continuit,
710 353 867 432 Graeciam
890 372 1009 417 ornnem
1030 363 1062 418 et

83 433 1060 513 partcmThraciaeatquelllyriciamplexum.superfuditdeinde

82 535 113 578 se
122 519 151 578 in
158 518 276 591 Asiam,
289 524 320 577 et
328 518 474 578 tredecim
486 519 584 594 annis,
601 519 713 595 quibus
724 522 901 582 Alexander
911 522 1058 596 regnavit,

80 603 205 678 primum
223 601 334 675 omnia,
350 617 412 676 qua
425 601 586 664 Persarum
606 619 705 678 prope
722 605 871 666 immenso
889 605 989 680 spatio
1005 604 1057 666 irn-

80 684 194 759 perium
206 685 315 758 luerat,
331 700 407 746 suae
418 685 547 746 dicionis
559 686 639 761 lecit,
655 688 776 749 Arabus
787 687 859 748 hinc
870 689 1059 764 indiamque,

1 842 2 845 Ἴ
80 785 137 844 qua
164 776 314 829 terrarum
338 767 461 830 ultimos
486 769 564 830 fines
592 769 727 830 Rubrum
749 787 833 832 mare
858 772 1059 848 amplectitur,

79 851 261 927 peragravit
297 860 360 913 trun
374 850 539 914 maxirnum
560 853 589 912 in
609 853 698 915 terris
712 855 917 916 Macedonum
931 871 1060 931 regnum

1 975 2 1011 3
77 951 260 1010 nomenque,
272 930 1058 1036 indemortcAlexandridistractuminmultaregna,

1 1027 2 1069 ι
79 1019 147 1080 dnm
161 1019 205 1080 ad
222 1035 258 1078 se
273 1019 405 1093 quisque
420 1034 498 1094 opes
511 1020 645 1095 rapiunt,
667 1022 836 1082 lacerantes
851 1023 918 1084 suis
932 1024 1059 1095 viribus,

77 1119 229 1164 asummo
242 1102 372 1162 culmine
383 1104 522 1164 icaunae
533 1104 571 1163 ad
584 1103 720 1164 ultimum
731 1105 822 1166 finem
835 1113 955 1166 centum
971 1106 1057 1180 quin·

79 1186 224 1263 quaginta
237 1201 336 1246 annos
352 1187 443 1247 stetit.

155 1271 194 1330 X.
220 1270 538 1332 VictoriaeRornanae
546 1271 934 1346 lamacumpervasissetin
943 1271 1057 1348 Asiam,

76 1355 223 1428 Antenor,
240 1353 292 1429 qui
304 1369 372 1414 cum
385 1355 486 1414 classe
499 1355 667 1416 lemborum
679 1356 720 1415 ad
730 1354 851 1416 Phanas
862 1356 972 1428 stabat,
986 1353 1056 1415 cas-

76 1437 232 1499 sandriam
245 1437 317 1498 inde
331 1437 456 1499 traiecit.
492 1437 524 1498 O.
538 1438 703 1514 Popillius,
725 1439 777 1514 qui
794 1441 834 1500 ad
848 1441 955 1501 Ilclum
970 1455 1059 1515 prae·

76 1522 151 1584 sidio
167 1520 303 1582 navibus
317 1521 530 1582 Macedoniam
546 1523 720 1597 petentibus
735 1531 808 1597 erat,
825 1531 991 1599 postquam
1006 1523 1059 1582 de·

75 1604 220 1667 bellatum
245 1605 277 1664 in
301 1603 483 1666 Macedonia
508 1613 539 1668 et
567 1607 698 1668 statione
727 1614 896 1668 summotos
924 1606 1059 1666 hostlmn

75 1689 193 1752 lembos
210 1687 335 1763 audivit,
356 1689 491 1750 dimissis
516 1696 546 1749 et
570 1690 639 1765 ipse
657 1690 767 1750 Atticis
789 1690 919 1750 navibus
935 1690 974 1748 ad
989 1704 1059 1749 sus-

77 1779 196 1849 ceptam
234 1771 416 1847 legationem
457 1773 662 1849 peragendam
703 1772 849 1846 navigare
881 1775 1060 1848 Aegyptum

76 1857 181 1933 pergit,
205 1864 239 1918 ut
264 1855 351 1930 prius
378 1871 539 1917 occurrere
571 1855 725 1916 Antiocho
753 1861 876 1930 posset,
908 1869 1000 1928 quam
1020 1854 1060 1913 ad

76 1941 291 2002 Alexandreae
315 1938 436 2001 moenia
456 1940 627 2001 accederet
669 1953 737 1998 cum
752 1936 1058 2012 praeterveherentur

76 2025 181 2086 Asiam
198 2023 290 2098 legati
301 2031 331 2082 et
341 2023 475 2099 Loryma
485 2022 652 2096 venissent,
666 2022 717 2096 qui
729 2029 837 2096 portus
848 2019 955 2097 viginti
965 2021 1058 2094 paulo

78 2108 211 2184 amplius
225 2106 308 2166 milia
319 2107 362 2167 ab
378 2106 489 2168 Rhodo
506 2107 601 2179 abest,
618 2121 657 2165 ex
672 2106 803 2167 adverso
819 2104 887 2166 urbi
901 2104 960 2180 ipsi
974 2103 1059 2179 posi-1

77 2198 131 2265 tus,
148 2189 309 2267 principes
320 2190 509 2251 Rhodiorum
524 2198 742 2251 occurrunt-
756 2189 814 2249 iam
830 2189 909 2250 enim
925 2204 962 2248 eo
982 2203 1058 2263 quo-

78 2291 135 2350 que
155 2275 308 2335 victoriae
328 2275 409 2334 lama
430 2276 547 2349 perlata
567 2281 688 2334 erat—
710 2281 848 2348 orantes,
870 2280 904 2334 ut
916 2272 1059 2333 Rhodum

78 2359 316 2419 deueherentur:
331 2357 484 2432 pertinere
497 2357 528 2417 id
540 2357 581 2416 ad
592 2360 702 2417 lamam
714 2359 905 2432 salutemque
920 2353 1060 2427 civitatis,

78 2441 423 2517 noscereipsosomnia,
437 2457 516 2517 quaa
528 2448 595 2501 acta
602 2449 708 2502 essent
718 2448 943 2514 agerenturque
949 2436 1060 2510 Rhodi,

78 2533 106 2585 et
124 2531 286 2601 comperta
305 2541 361 2600 per
383 2540 435 2599 se,
456 2539 518 2584 non
538 2527 662 2598 vulgata
675 2525 764 2597 lama,
785 2523 913 2583 Romam
933 2520 1059 2579 reterre.

79 2609 128 2670 diu
141 2615 294 2684 negantes
308 2610 516 2706 perpulerunt,
534 2615 568 2669 ut
587 2622 704 2668 moram
717 2603 920 2680 navigationis
935 2603 1060 2661 brevem

79 2708 132 2766 pro
155 2695 256 2754 salute
276 2691 381 2754 sociae
404 2692 489 2753 urbis
506 2697 690 2768 paterentur.
731 2696 894 2763 postquam
917 2684 1061 2746 Rhodum

79 2786 200 2840 ventum
229 2783 291 2850 est,
321 2775 352 2835 in
380 2775 552 2838 cerdonem
573 2789 698 2850 quoque
720 2788 776 2834 eos
802 2771 893 2831 iidem
918 2767 1061 2844 precibus

79 2865 300 2936 pertraxerunt
335 2860 486 2922 adventus
503 2861 671 2956 legatorum
696 2857 780 2916 auxit
799 2854 902 2930 potius
922 2853 1060 2914 timorem

78 2945 190 3007 civitati
205 2961 299 3020 quam
313 2943 433 3005 ιιιιιιιιιι.
456 2944 557 3004 omnia
577 2939 656 3001 enim
671 2940 829 3014 Popillius,
852 2953 931 3013 quae
948 2935 1060 3011 singuli

78 3030 276 3103 universique
290 3043 328 3088 eo
342 3027 423 3089 hello
445 3025 594 3088 hostiliter
608 3025 748 3086 dixerant
768 3025 979 3098 fecerantque,
1001 3027 1061 3079 ret·

79 3112 151 3187 tulit,
168 3111 361 3186 etvrrasper
370 3125 493 3185 ingenio
506 3110 638 3185 augebat
649 3108 837 3168 atrocitatem
847 3122 963 3179 eorum
981 3118 1062 3178 quae

79 3195 267 3266 dicerentur,
288 3194 375 3255 vultu
388 3193 467 3256 truci
481 3200 512 3253 et
525 3193 717 3254 accusatoria
730 3206 824 3280 voce,
846 3198 881 3249 ut
901 3205 970 3249 cum
989 3202 1060 3280 pro-

79 3280 163 3352 priae
179 3277 341 3340 simultatis
355 3278 438 3338 nulla
457 3291 553 3336 causa
567 3291 636 3336 cmn
651 3276 772 3336 civitate
772 3257 885 3345 essct,
911 3286 950 3330 ex
969 3269 1061 3328 unius

80 3362 230 3424 senatoris
245 3361 375 3422 Romani
390 3358 564 3434 acerbitate,
580 3359 701 3434 qualis
693 3376 723 3417 m
740 3373 775 3418 se
789 3353 924 3415 universi
936 3357 1060 3412 senatus

80 3446 197 3507 animus
217 3451 311 3521 esset,
327 3443 541 3506 coniectarent.
575 3443 606 3502 c.
620 3441 747 3502 Decimii
760 3435 947 3497 moderatior
961 3433 1057 3494 oratio
