2368 3858
203 201 266 268 aet
368 203 483 264 urana
497 203 588 264 xuv.
603 203 685 262 cnr.
700 210 798 265 arm.
815 209 851 276 [a.
864 207 899 262 o.
914 207 1010 275 ..aaa

202 371 313 417 versus
334 355 491 416 Romanos
514 353 615 416 omnia
634 355 835 416 instruxissa=
857 371 915 416 nec
929 357 1015 418 aliter
1028 373 1078 418 eas
1091 375 1155 420 maa

203 455 294 502 suras
314 439 345 498 in
365 439 427 499 dde
440 443 562 514 gentes,
584 439 644 498 nisi
664 439 769 500 tractis
784 439 892 499 animis
906 440 1036 516 partium
1049 443 1157 504 aleretur
1177 465 1178 472 ¹

204 523 497 597 confirmareturque
510 519 675 583 auctoritas
693 537 814 595 eorum,
839 521 891 598 qui
904 523 978 583 nihil
992 526 1157 600 praeterire

204 607 321 684 perium
341 607 548 667 Romanorum
567 611 751 681 spectarent.
780 606 819 666 ab
840 606 888 666 his
903 607 993 668 editis
1008 607 1158 671 nominibus
1177 645 1178 668 2

203 690 322 752 evocati
342 689 448 750 titteris
476 687 670 765 imperatoris
696 705 737 750 ex
757 689 878 751 Aetolia
897 690 1159 767 Acarnaniaquaet

202 774 296 850 Epiro
319 780 350 834 et
368 773 512 846 Boeotia,
541 771 593 849 qui
613 774 741 834 Romam
761 774 801 833 ad
816 788 942 834 causam
956 775 1111 835 dicendam
1123 791 1178 846 sa¹

204 864 379 933 querentur.
402 856 432 916 in
446 856 594 918 Achaiam
608 872 649 916 ex
664 857 772 918 decem
785 858 953 932 legatorum
967 874 1093 919 numero
1106 873 1158 934 pro

203 938 273 1001 iecti
288 939 360 1014 duo,
376 939 407 1000 G.
425 939 569 1001 Claudius
584 947 615 1002 et
629 939 681 1002 Cn.
696 940 855 1015 Domitius,
871 947 905 1002 ut
918 940 979 1018 ipsi
993 942 1090 1002 edicto
1104 957 1158 1002 evo·
1176 961 1178 990 τ

203 1030 316 1086 carent.
342 1023 373 1084 id
393 1024 513 1086 duabus
529 1024 568 1084 de
583 1025 686 1086 causis
703 1026 829 1097 iactum,
852 1040 928 1100 una,
950 1025 1037 1100 quod
1053 1025 1159 1085 fiduciae
1176 1041 1178 1054 ³

203 1110 274 1184 plus
295 1108 526 1184 animorumque
545 1124 618 1170 esse
636 1109 768 1169 Achaeis
790 1108 830 1169 ad
849 1124 912 1169 non
933 1109 1099 1184 parendum
1111 1069 1178 1220 cro-²

203 1192 332 1266 debant,
353 1198 384 1252 et
401 1193 529 1253 forsitan
551 1193 641 1253 ctiam
661 1192 692 1252 in
714 1193 849 1268 periculo
872 1193 938 1253 iore
960 1191 1128 1253 Callicraten
1139 1195 1178 1268 et,

204 1281 323 1337 eeteros
339 1276 496 1337 criminum
511 1282 654 1337 auctores
670 1276 903 1352 delatoresque;
921 1277 1019 1337 attera
1031 1291 1084 1336 cur
1092 1288 1159 1352 pne
1176 1269 1178 1346 i

204 1366 307 1420 sentes
323 1367 489 1421 evocarent
502 1374 597 1421 causa
611 1367 690 1435 erat,
707 1361 791 1436 quod
807 1375 847 1420 ex
860 1357 929 1420 atiis
944 1359 1086 1436 gentibus
1098 1358 1161 1434 prin·
1176 1363 1178 1374 ’

203 1440 307 1518 cipum
321 1441 436 1504 litteras
452 1445 624 1519 deprensas
633 1444 665 1504 in
679 1442 903 1505 commentariis
914 1444 1011 1518 regiis
1022 1442 1159 1512 habebant

203 1526 234 1585 in
240 1526 375 1586 Achaeis
383 1541 510 1588 caecum
517 1537 583 1589 erat
590 1529 703 1589 crimen
716 1527 807 1589 nullis
815 1525 1160 1589 eorumlitterisinventis

286 1607 404 1671 Aetolis
419 1609 554 1674 dimissis
568 1612 762 1673 Acarnanum
777 1610 868 1672 citata
880 1625 975 1686 gensa
998 1611 1030 1671 in
1046 1610 1091 1670 his
1106 1606 1158 1668 nihi

203 1700 349 1755 novatum
370 1693 429 1755 nisi
444 1695 530 1771 quod
542 1696 661 1756 Leucas
677 1700 819 1770 exempta
833 1701 882 1755 est
896 1695 1092 1755 Acarnanum
1105 1707 1159 1752 con·

203 1777 283 1839 citio.
306 1780 484 1853 quaerendo
506 1779 618 1840 deinde
639 1776 744 1852 tatius,
767 1777 820 1854 qui
840 1777 963 1852 publice
977 1784 1032 1839 aut
1045 1775 1178 1866 privatin!

204 1861 334 1936 partium
348 1861 429 1937 regis
445 1863 584 1938 tuissent,
605 1863 635 1922 in
649 1860 757 1923 Asiam
772 1875 896 1937 quoquc
910 1863 1111 1937 cognitionem
1122 1873 1159 1917 er·

203 1945 345 2015 tendere;
367 1953 398 2005 et
411 1947 451 2005 ad
465 1946 622 2007 Antissam
637 1946 666 2005 in
680 1944 781 2005 Lesbo
798 1944 897 2006 insula
912 1944 1100 2018 diruendam,
1117 1950 1160 2002 tra·
1176 1997 1177 2000 ,

203 2028 363 2089 ducendos
387 2027 596 2107 Methymnam
620 2029 802 2091 Antissaeos
824 2026 1000 2089 Labeonem
1028 2026 1177 2100 misemnt3

205 2112 289 2186 quod
309 2110 496 2172 Antenorem
516 2113 633 2186 regium
656 2114 857 2189 praefectum,
883 2127 944 2187 quo
961 2119 1097 2188 ternpore
1109 2117 1177 2194 cun,t

203 2192 312 2254 lembis
333 2193 415 2253 circa
433 2195 567 2255 Lesbum
588 2202 637 2256 est
656 2203 801 2270 vagatus,
823 2200 914 2270 portu
927 2204 1084 2272 receptum
1098 2197 1176 2253 comt

203 2274 354 2336 meatibus
380 2275 548 2341 iuvissent..
569 2279 630 2339 duc
657 2280 759 2340 securi
785 2280 924 2355 percussi
950 2279 1009 2339 viri
1035 2239 1176 2352 insignes!

202 2359 573 2423 AndronicusAndronici
585 2362 665 2424 iilius
676 2363 814 2435 Aetolus,
829 2362 912 2437 quod
924 2369 1044 2438 patrem
1056 2367 1160 2422 secutus
1175 2359 1176 2378 ³

203 2458 289 2504 arma
309 2451 415 2506 contra
436 2448 584 2522 poputum
599 2447 770 2508 Romanum
784 2445 920 2520 tulisset,
941 2456 972 2508 et
984 2447 1051 2508 Neo
1065 2443 1159 2504 Theba·

203 2543 270 2602 nus,
288 2544 349 2605 quo
365 2537 490 2591 auctore
506 2531 683 2592 societatem
698 2547 767 2592 cum
780 2530 894 2590 Perseo
909 2530 1080 2590 iunxerant.
1174 2551 1175 2574 1

285 2611 404 2674 XXXII.
432 2613 486 2675 His
507 2631 609 2676 rerum
629 2621 822 2676 externarum
843 2611 1069 2689 cognitionrbus
1088 2608 1159 2670 inter·

202 2696 313 2771 positis
337 2696 541 2758 Macedonum
565 2715 674 2760 rursus
694 2698 878 2760 advocatum
899 2698 1079 2767 concilium
1105 2705 1159 2768 pro·

202 2779 371 2841 nuntiatum
392 2783 477 2856 quod
491 2782 532 2842 ad
544 2789 658 2844 statum
671 2781 873 2842 Macedoniae
888 2782 1074 2857 pertinebat,
1088 2789 1158 2839 sent·

202 2869 295 2938 tores,
312 2879 391 2938 quos
406 2865 561 2942 synedros
572 2873 691 2940 vocant,
707 2855 855 2940 legendos
868 2881 949 2941 esse,
966 2879 1094 2942 quorum
1104 2873 1158 2920 cor·

204 2943 273 3005 sitio
296 2961 348 3006 res
373 2947 497 3022 publica
521 2949 789 3010 administraretur.
823 2949 947 3011 nomina
972 2947 1084 3009 deinde
1105 2943 1160 3036 sunt

113 3095 117 3102 ,
203 3028 328 3090 recitata
343 3031 514 3106 principum
528 3033 740 3109 Macedonum,
762 3051 841 3109 quos
857 3049 927 3094 cum
941 3032 1044 3092 tiberis
1060 3028 1158 3089 maion-

201 3111 259 3172 bus
280 3130 371 3188 quam
392 3114 567 3191 quindecim
588 3133 687 3178 annos
708 3116 788 3178 natis
809 3117 997 3193 praecedere
1017 3114 1048 3176 in
1062 3108 1159 3202 ltaliam

202 3197 345 3271 placeret
373 3197 405 3259 id
426 3199 524 3275 prima
545 3202 649 3276 specie
670 3217 812 3275 saevum,
833 3216 906 3261 mox
926 3199 1068 3277 apparuit
1079 3192 1158 3286 mult·

201 3279 297 3341 tudini
318 3281 521 3346 Macedonum
543 3300 599 3360 pro
621 3284 757 3346 libertate
777 3301 834 3345 sua
854 3299 926 3346 esse
940 3284 1060 3346 iactum.
1081 3289 1149 3339 nonu

201 3363 263 3423 nati
274 3373 345 3425 sunt
355 3367 435 3426 enim
447 3366 530 3442 regis
541 3367 629 3426 amici
638 3369 865 3443 purpuratique,
879 3363 1158 3430 ducesexercituun,

202 3448 348 3518 praetecti
363 3449 485 3509 navium
500 3456 551 3510 aut
565 3451 796 3525 praesidiorum,
812 3450 929 3512 servire
943 3451 1008 3527 regi
1018 3444 1159 3514 humiliter,
