<?xml version="1.0" encoding="UTF-8"?>
<!DOCTYPE html PUBLIC "-//W3C//DTD XHTML 1.0 Transitional//EN"
    "http://www.w3.org/TR/xhtml1/DTD/xhtml1-transitional.dtd">
<html xmlns="http://www.w3.org/1999/xhtml" xml:lang="en" lang="en">
 <head>
  <title>
</title>
<meta http-equiv="Content-Type" content="text/html;charset=utf-8" />
  <meta name='ocr-system' content='tesseract 3.04.00' />
  <meta name='ocr-capabilities' content='ocr_page ocr_carea ocr_par ocr_line ocrx_word'/>
</head>
<body>
  <div class='ocr_page' id='page_1' title='image "./titiliviaburbec01livygoog_0295.png"; bbox 0 0 2368 3858; ppageno 0'>
   <div class='ocr_carea' id='block_1_1' title="bbox 153 207 980 294">
    <p class='ocr_par' dir='ltr' id='par_1_1' title="bbox 153 207 980 294">
     <span class='ocr_line' id='line_1_1' title="bbox 153 207 980 294; baseline 0.011 -24"><span class='ocrx_word' id='word_1_1' title='bbox 153 207 652 276; x_wconf 70' lang='lat' dir='ltr'><strong>lledssxlv.crl1³.1r.1s.1e.</strong></span> <span class='ocrx_word' id='word_1_2' title='bbox 674 215 711 291; x_wconf 72' lang='lat' dir='ltr'><strong>[a.</strong></span> <span class='ocrx_word' id='word_1_3' title='bbox 723 219 756 274; x_wconf 90' lang='lat' dir='ltr'><strong>c.</strong></span> <span class='ocrx_word' id='word_1_4' title='bbox 771 218 831 294; x_wconf 70' lang='grc' dir='ltr'>ιιι]</span> <span class='ocrx_word' id='word_1_5' title='bbox 917 216 980 279; x_wconf 76' lang='lat'><strong>269</strong></span> 
     </span>
    </p>
   </div>
   <div class='ocr_carea' id='block_1_2' title="bbox 22 359 991 3528">
    <p class='ocr_par' dir='ltr' id='par_1_2' title="bbox 22 359 991 2616">
     <span class='ocr_line' id='line_1_2' title="bbox 30 359 982 444; baseline 0.009 -23"><span class='ocrx_word' id='word_1_6' title='bbox 30 366 124 422; x_wconf 85' lang='lat' dir='ltr'><strong>ratores</strong></span> <span class='ocrx_word' id='word_1_7' title='bbox 135 359 205 419; x_wconf 83' lang='lat' dir='ltr'>nihil</span> <span class='ocrx_word' id='word_1_8' title='bbox 220 361 377 436; x_wconf 81' lang='lat' dir='ltr'><strong>indignum</strong></span> <span class='ocrx_word' id='word_1_9' title='bbox 392 377 449 421; x_wconf 89' lang='lat' dir='ltr'><strong>nec</strong></span> <span class='ocrx_word' id='word_1_10' title='bbox 465 362 625 423; x_wconf 89' lang='lat' dir='ltr'><strong>clementia</strong></span> <span class='ocrx_word' id='word_1_11' title='bbox 640 379 698 424; x_wconf 92' lang='lat' dir='ltr'><strong>nec</strong></span> <span class='ocrx_word' id='word_1_12' title='bbox 712 365 859 440; x_wconf 82' lang='lat' dir='ltr'><strong>gravitate</strong></span> <span class='ocrx_word' id='word_1_13' title='bbox 875 368 982 444; x_wconf 92' lang='lat' dir='ltr'><strong>populi</strong></span> 
     </span>
     <span class='ocr_line' id='line_1_3' title="bbox 30 441 982 526; baseline 0.008 -21"><span class='ocrx_word' id='word_1_14' title='bbox 30 441 133 506; x_wconf 83' lang='lat' dir='ltr'><strong>Romani</strong></span> <span class='ocrx_word' id='word_1_15' title='bbox 153 443 330 505; x_wconf 83' lang='lat' dir='ltr'>decreturos</span> <span class='ocrx_word' id='word_1_16' title='bbox 350 460 430 518; x_wconf 90' lang='lat' dir='ltr'><strong>esse,</strong></span> <span class='ocrx_word' id='word_1_17' title='bbox 451 453 551 505; x_wconf 88' lang='lat' dir='ltr'><strong>tamen</strong></span> <span class='ocrx_word' id='word_1_18' title='bbox 566 444 597 506; x_wconf 93' lang='lat' dir='ltr'><strong>in</strong></span> <span class='ocrx_word' id='word_1_19' title='bbox 612 457 721 509; x_wconf 90' lang='lat' dir='ltr'><strong>senatu</strong></span> <span class='ocrx_word' id='word_1_20' title='bbox 733 465 858 525; x_wconf 90' lang='lat' dir='ltr'><strong>quoque</strong></span> <span class='ocrx_word' id='word_1_21' title='bbox 871 453 982 526; x_wconf 75' lang='lat' dir='ltr'><strong>agitata</strong></span> 
     </span>
     <span class='ocr_line' id='line_1_4' title="bbox 27 528 980 606; baseline 0.009 -20"><span class='ocrx_word' id='word_1_22' title='bbox 27 535 65 587; x_wconf 90' lang='lat' dir='ltr'><strong>est</strong></span> <span class='ocrx_word' id='word_1_23' title='bbox 75 543 179 586; x_wconf 89' lang='lat' dir='ltr'><strong>summa</strong></span> <span class='ocrx_word' id='word_1_24' title='bbox 194 528 402 601; x_wconf 89' lang='lat' dir='ltr'><strong>consiliorum,</strong></span> <span class='ocrx_word' id='word_1_25' title='bbox 417 535 451 590; x_wconf 89' lang='lat' dir='ltr'><strong>ut</strong></span> <span class='ocrx_word' id='word_1_26' title='bbox 463 529 606 590; x_wconf 89' lang='lat' dir='ltr'><strong>inchoata</strong></span> <span class='ocrx_word' id='word_1_27' title='bbox 616 531 718 591; x_wconf 88' lang='lat' dir='ltr'><strong>omnia</strong></span> <span class='ocrx_word' id='word_1_28' title='bbox 733 531 823 606; x_wconf 77' lang='lat' dir='ltr'><strong>legati</strong></span> <span class='ocrx_word' id='word_1_29' title='bbox 838 534 876 592; x_wconf 93' lang='lat' dir='ltr'><strong>ab</strong></span> <span class='ocrx_word' id='word_1_30' title='bbox 888 535 980 595; x_wconf 87' lang='lat' dir='ltr'><strong>donno</strong></span> 
     </span>
     <span class='ocr_line' id='line_1_5' title="bbox 27 610 982 692; baseline 0.01 -23"><span class='ocrx_word' id='word_1_31' title='bbox 27 611 89 671; x_wconf 87' lang='lat' dir='ltr'><strong>terre</strong></span> <span class='ocrx_word' id='word_1_32' title='bbox 107 611 142 670; x_wconf 93' lang='lat' dir='ltr'><strong>ad</strong></span> <span class='ocrx_word' id='word_1_33' title='bbox 160 610 362 686; x_wconf 89' lang='lat' dir='ltr'><strong>imperatores</strong></span> <span class='ocrx_word' id='word_1_34' title='bbox 385 619 521 686; x_wconf 82' lang='lat' dir='ltr'><strong>possent</strong></span> <span class='ocrx_word' id='word_1_35' title='bbox 557 613 663 673; x_wconf 88' lang='lat' dir='ltr'><strong>xvlll.</strong></span> <span class='ocrx_word' id='word_1_36' title='bbox 692 615 825 675; x_wconf 91' lang='lat' dir='ltr'><strong>omnium</strong></span> <span class='ocrx_word' id='word_1_37' title='bbox 851 617 982 692; x_wconf 89' lang='lat' dir='ltr'><strong>primurn</strong></span> 
     </span>
     <span class='ocr_line' id='line_1_6' title="bbox 25 693 982 776; baseline 0.009 -24"><span class='ocrx_word' id='word_1_38' title='bbox 25 693 116 754; x_wconf 89' lang='lat' dir='ltr'><strong>liberos</strong></span> <span class='ocrx_word' id='word_1_39' title='bbox 131 709 201 754; x_wconf 92' lang='lat' dir='ltr'><strong>esse</strong></span> <span class='ocrx_word' id='word_1_40' title='bbox 217 694 358 770; x_wconf 75' lang='lat' dir='ltr'>placebat</span> <span class='ocrx_word' id='word_1_41' title='bbox 367 695 555 756; x_wconf 89' lang='lat' dir='ltr'><strong>Macedonas</strong></span> <span class='ocrx_word' id='word_1_42' title='bbox 569 703 660 773; x_wconf 89' lang='lat' dir='ltr'><strong>atque</strong></span> <span class='ocrx_word' id='word_1_43' title='bbox 674 697 823 776; x_wconf 83' lang='lat' dir='ltr'><strong>illyricos,</strong></span> <span class='ocrx_word' id='word_1_44' title='bbox 838 707 872 760; x_wconf 94' lang='lat' dir='ltr'><strong>ut</strong></span> <span class='ocrx_word' id='word_1_45' title='bbox 885 701 982 761; x_wconf 88' lang='lat' dir='ltr'><strong>omni-</strong></span> 
     </span>
     <span class='ocr_line' id='line_1_7' title="bbox 25 777 981 855; baseline 0.009 -19"><span class='ocrx_word' id='word_1_46' title='bbox 25 777 69 836; x_wconf 88' lang='lat' dir='ltr'><strong>bus</strong></span> <span class='ocrx_word' id='word_1_47' title='bbox 85 777 219 852; x_wconf 79' lang='lat' dir='ltr'><strong>gentibus</strong></span> <span class='ocrx_word' id='word_1_48' title='bbox 240 784 405 854; x_wconf 75' lang='lat' dir='ltr'><strong>appareret</strong></span> <span class='ocrx_word' id='word_1_49' title='bbox 424 795 509 839; x_wconf 87' lang='lat' dir='ltr'><strong>arma</strong></span> <span class='ocrx_word' id='word_1_50' title='bbox 530 780 635 855; x_wconf 92' lang='lat' dir='ltr'><strong>populi</strong></span> <span class='ocrx_word' id='word_1_51' title='bbox 649 783 778 842; x_wconf 83' lang='lat' dir='ltr'><strong>Romani</strong></span> <span class='ocrx_word' id='word_1_52' title='bbox 799 799 860 844; x_wconf 92' lang='lat' dir='ltr'><strong>non</strong></span> <span class='ocrx_word' id='word_1_53' title='bbox 876 783 981 846; x_wconf 89' lang='lat' dir='ltr'><strong>liberis</strong></span> 
     </span>
     <span class='ocr_line' id='line_1_8' title="bbox 25 861 982 942; baseline 0.008 -22"><span class='ocrx_word' id='word_1_54' title='bbox 25 861 176 920; x_wconf 84' lang='lat' dir='ltr'><strong>servitutem</strong></span> <span class='ocrx_word' id='word_1_55' title='bbox 190 861 250 922; x_wconf 91' lang='lat' dir='ltr'><strong>sed</strong></span> <span class='ocrx_word' id='word_1_56' title='bbox 266 867 373 922; x_wconf 86' lang='lat' dir='ltr'><strong>contra</strong></span> <span class='ocrx_word' id='word_1_57' title='bbox 390 862 594 923; x_wconf 91' lang='lat' dir='ltr'><strong>servientibus</strong></span> <span class='ocrx_word' id='word_1_58' title='bbox 613 863 781 926; x_wconf 89' lang='lat' dir='ltr'><strong>libertatem</strong></span> <span class='ocrx_word' id='word_1_59' title='bbox 796 867 926 942; x_wconf 88' lang='lat' dir='ltr'><strong>adlerre‚</strong></span> <span class='ocrx_word' id='word_1_60' title='bbox 947 875 982 929; x_wconf 91' lang='grc' dir='ltr'><strong>ιιι</strong></span> 
     </span>
     <span class='ocr_line' id='line_1_9' title="bbox 23 942 979 1027; baseline 0.009 -24"><span class='ocrx_word' id='word_1_61' title='bbox 23 942 86 1003; x_wconf 88' lang='lat' dir='ltr'><strong>etin</strong></span> <span class='ocrx_word' id='word_1_62' title='bbox 104 943 240 1005; x_wconf 90' lang='lat' dir='ltr'><strong>libertate</strong></span> <span class='ocrx_word' id='word_1_63' title='bbox 258 952 366 1020; x_wconf 76' lang='lat' dir='ltr'><strong>gentes</strong></span> <span class='ocrx_word' id='word_1_64' title='bbox 388 959 467 1021; x_wconf 89' lang='lat' dir='ltr'><strong>quae</strong></span> <span class='ocrx_word' id='word_1_65' title='bbox 487 953 592 1007; x_wconf 90' lang='lat' dir='ltr'><strong>essent</strong></span> <span class='ocrx_word' id='word_1_66' title='bbox 605 954 699 1009; x_wconf 86' lang='lat' dir='ltr'><strong>tutam</strong></span> <span class='ocrx_word' id='word_1_67' title='bbox 713 963 781 1009; x_wconf 90' lang='lat' dir='ltr'><strong>eam</strong></span> <span class='ocrx_word' id='word_1_68' title='bbox 795 949 854 1010; x_wconf 91' lang='lat' dir='ltr'><strong>sibi</strong></span> <span class='ocrx_word' id='word_1_69' title='bbox 869 967 979 1027; x_wconf 86' lang='lat' dir='ltr'><strong>perpe·</strong></span> 
     </span>
     <span class='ocr_line' id='line_1_10' title="bbox 24 1027 991 1109; baseline 0.009 -23"><span class='ocrx_word' id='word_1_70' title='bbox 24 1033 143 1102; x_wconf 78' lang='lat' dir='ltr'><strong>bamque</strong></span> <span class='ocrx_word' id='word_1_71' title='bbox 156 1027 215 1088; x_wconf 91' lang='lat' dir='ltr'><strong>sub</strong></span> <span class='ocrx_word' id='word_1_72' title='bbox 230 1029 325 1089; x_wconf 91' lang='lat' dir='ltr'><strong>tutela</strong></span> <span class='ocrx_word' id='word_1_73' title='bbox 339 1030 448 1106; x_wconf 83' lang='lat' dir='ltr'><strong>populi</strong></span> <span class='ocrx_word' id='word_1_74' title='bbox 466 1030 596 1091; x_wconf 69' lang='lat' dir='ltr'><strong>Romam</strong></span> <span class='ocrx_word' id='word_1_75' title='bbox 614 1045 695 1105; x_wconf 85' lang='lat' dir='ltr'><strong>esse,</strong></span> <span class='ocrx_word' id='word_1_76' title='bbox 717 1040 748 1093; x_wconf 91' lang='lat' dir='ltr'><strong>et</strong></span> <span class='ocrx_word' id='word_1_77' title='bbox 762 1049 842 1109; x_wconf 90' lang='lat' dir='ltr'><strong>quae</strong></span> <span class='ocrx_word' id='word_1_78' title='bbox 856 1034 915 1094; x_wconf 88' lang='lat' dir='ltr'><strong>sub</strong></span> <span class='ocrx_word' id='word_1_79' title='bbox 931 1051 991 1095; x_wconf 84' lang='lat' dir='ltr'><strong>re·-</strong></span> 
     </span>
     <span class='ocr_line' id='line_1_11' title="bbox 22 1109 979 1189; baseline 0.01 -21"><span class='ocrx_word' id='word_1_80' title='bbox 22 1109 92 1184; x_wconf 78' lang='lat' dir='ltr'><strong>pbus</strong></span> <span class='ocrx_word' id='word_1_81' title='bbox 106 1110 243 1173; x_wconf 90' lang='lat' dir='ltr'><strong>viverent</strong></span> <span class='ocrx_word' id='word_1_82' title='bbox 257 1118 287 1172; x_wconf 89' lang='lat' dir='ltr'><strong>et</strong></span> <span class='ocrx_word' id='word_1_83' title='bbox 302 1113 331 1172; x_wconf 92' lang='lat' dir='ltr'><strong>in</strong></span> <span class='ocrx_word' id='word_1_84' title='bbox 348 1128 496 1189; x_wconf 83' lang='lat' dir='ltr'>praesens</span> <span class='ocrx_word' id='word_1_85' title='bbox 512 1121 632 1189; x_wconf 91' lang='lat' dir='ltr'><strong>tempus</strong></span> <span class='ocrx_word' id='word_1_86' title='bbox 653 1115 788 1176; x_wconf 77' lang='lat' dir='ltr'><strong>mitiores</strong></span> <span class='ocrx_word' id='word_1_87' title='bbox 804 1131 859 1177; x_wconf 86' lang='lat' dir='ltr'><strong>cos</strong></span> <span class='ocrx_word' id='word_1_88' title='bbox 874 1117 979 1178; x_wconf 86' lang='lat' dir='ltr'><strong>iustio-</strong></span> 
     </span>
     <span class='ocr_line' id='line_1_12' title="bbox 22 1197 980 1276; baseline 0.008 -24"><span class='ocrx_word' id='word_1_89' title='bbox 22 1207 114 1268; x_wconf 83' lang='lat' dir='ltr'><strong>resque</strong></span> <span class='ocrx_word' id='word_1_90' title='bbox 127 1201 274 1272; x_wconf 89' lang='lat' dir='ltr'><strong>respectu</strong></span> <span class='ocrx_word' id='word_1_91' title='bbox 296 1197 402 1272; x_wconf 91' lang='lat' dir='ltr'><strong>populi</strong></span> <span class='ocrx_word' id='word_1_92' title='bbox 415 1198 545 1259; x_wconf 84' lang='lat' dir='ltr'><strong>Romani</strong></span> <span class='ocrx_word' id='word_1_93' title='bbox 559 1197 673 1259; x_wconf 88' lang='lat' dir='ltr'><strong>habere</strong></span> <span class='ocrx_word' id='word_1_94' title='bbox 688 1213 739 1274; x_wconf 91' lang='lat' dir='ltr'><strong>se,</strong></span> <span class='ocrx_word' id='word_1_95' title='bbox 760 1206 791 1260; x_wconf 92' lang='lat' dir='ltr'><strong>ct</strong></span> <span class='ocrx_word' id='word_1_96' title='bbox 810 1199 837 1260; x_wconf 91' lang='lat' dir='ltr'><strong>si</strong></span> <span class='ocrx_word' id='word_1_97' title='bbox 856 1201 980 1276; x_wconf 90' lang='lat' dir='ltr'><strong>quando</strong></span> 
     </span>
     <span class='ocr_line' id='line_1_13' title="bbox 22 1276 979 1358; baseline 0.008 -22"><span class='ocrx_word' id='word_1_98' title='bbox 22 1276 112 1338; x_wconf 87' lang='lat' dir='ltr'><strong>bellum</strong></span> <span class='ocrx_word' id='word_1_99' title='bbox 125 1295 193 1340; x_wconf 91' lang='lat' dir='ltr'><strong>cum</strong></span> <span class='ocrx_word' id='word_1_100' title='bbox 209 1281 326 1356; x_wconf 89' lang='lat' dir='ltr'><strong>populo</strong></span> <span class='ocrx_word' id='word_1_101' title='bbox 340 1281 479 1343; x_wconf 90' lang='lat' dir='ltr'><strong>Romano</strong></span> <span class='ocrx_word' id='word_1_102' title='bbox 494 1280 619 1358; x_wconf 74' lang='lat' dir='ltr'><strong>regibus</strong></span> <span class='ocrx_word' id='word_1_103' title='bbox 641 1282 750 1344; x_wconf 88' lang='lat' dir='ltr'><strong>luisset</strong></span> <span class='ocrx_word' id='word_1_104' title='bbox 764 1283 845 1356; x_wconf 88' lang='lat' dir='ltr'><strong>suls,</strong></span> <span class='ocrx_word' id='word_1_105' title='bbox 866 1284 979 1344; x_wconf 89' lang='lat' dir='ltr'><strong>exitum</strong></span> 
     </span>
     <span class='ocr_line' id='line_1_14' title="bbox 23 1359 980 1439; baseline 0.007 -19"><span class='ocrx_word' id='word_1_106' title='bbox 23 1359 73 1422; x_wconf 86' lang='lat' dir='ltr'><strong>cius</strong></span> <span class='ocrx_word' id='word_1_107' title='bbox 85 1361 240 1424; x_wconf 86' lang='lat' dir='ltr'><strong>victoriam</strong></span> <span class='ocrx_word' id='word_1_108' title='bbox 256 1365 413 1439; x_wconf 87' lang='lat' dir='ltr'><strong>Romanis,</strong></span> <span class='ocrx_word' id='word_1_109' title='bbox 428 1365 486 1426; x_wconf 91' lang='lat' dir='ltr'><strong>sibi</strong></span> <span class='ocrx_word' id='word_1_110' title='bbox 505 1366 673 1427; x_wconf 87' lang='lat' dir='ltr'><strong>libertatem</strong></span> <span class='ocrx_word' id='word_1_111' title='bbox 688 1367 858 1428; x_wconf 88' lang='lat' dir='ltr'><strong>adlaturum</strong></span> <span class='ocrx_word' id='word_1_112' title='bbox 874 1368 980 1427; x_wconf 87' lang='lat' dir='ltr'><strong>crede-</strong></span> 
     </span>
     <span class='ocr_line' id='line_1_15' title="bbox 22 1447 980 1526; baseline 0.006 -22"><span class='ocrx_word' id='word_1_113' title='bbox 22 1453 78 1506; x_wconf 88' lang='lat' dir='ltr'><strong>rent.</strong></span> <span class='ocrx_word' id='word_1_114' title='bbox 110 1447 221 1510; x_wconf 89' lang='lat' dir='ltr'><strong>mctalli</strong></span> <span class='ocrx_word' id='word_1_115' title='bbox 244 1464 368 1525; x_wconf 87' lang='lat' dir='ltr'><strong>quoque</strong></span> <span class='ocrx_word' id='word_1_116' title='bbox 390 1448 581 1510; x_wconf 80' lang='lat' dir='ltr'><strong>Macedonici</strong></span> <span class='ocrx_word' id='word_1_117' title='bbox 609 1451 693 1526; x_wconf 88' lang='lat' dir='ltr'><strong>quod</strong></span> <span class='ocrx_word' id='word_1_118' title='bbox 721 1450 830 1526; x_wconf 77' lang='lat' dir='ltr'><strong>ingens</strong></span> <span class='ocrx_word' id='word_1_119' title='bbox 852 1450 980 1526; x_wconf 77' lang='lat' dir='ltr'><strong>vectigal</strong></span> 
     </span>
     <span class='ocr_line' id='line_1_16' title="bbox 22 1530 979 1610; baseline 0.004 -24"><span class='ocrx_word' id='word_1_120' title='bbox 22 1536 77 1602; x_wconf 87' lang='lat' dir='ltr'><strong>erat,</strong></span> <span class='ocrx_word' id='word_1_121' title='bbox 90 1530 322 1608; x_wconf 85' lang='lat' dir='ltr'><strong>locationcsque</strong></span> <span class='ocrx_word' id='word_1_122' title='bbox 337 1533 531 1608; x_wconf 89' lang='lat' dir='ltr'><strong>praediorum</strong></span> <span class='ocrx_word' id='word_1_123' title='bbox 544 1533 728 1594; x_wconf 83' lang='lat' dir='ltr'><strong>rusticorum</strong></span> <span class='ocrx_word' id='word_1_124' title='bbox 745 1535 809 1595; x_wconf 92' lang='lat' dir='ltr'><strong>tolli</strong></span> <span class='ocrx_word' id='word_1_125' title='bbox 824 1535 979 1610; x_wconf 70' lang='lat' dir='ltr'><strong>placebat:</strong></span> 
     </span>
     <span class='ocr_line' id='line_1_17' title="bbox 23 1615 980 1693; baseline 0.007 -22"><span class='ocrx_word' id='word_1_126' title='bbox 23 1627 75 1674; x_wconf 89' lang='lat' dir='ltr'><strong>nun</strong></span> <span class='ocrx_word' id='word_1_127' title='bbox 87 1631 182 1692; x_wconf 88' lang='lat' dir='ltr'><strong>neque</strong></span> <span class='ocrx_word' id='word_1_128' title='bbox 199 1616 269 1677; x_wconf 87' lang='lat' dir='ltr'><strong>sine</strong></span> <span class='ocrx_word' id='word_1_129' title='bbox 284 1615 446 1692; x_wconf 91' lang='lat' dir='ltr'><strong>publicano</strong></span> <span class='ocrx_word' id='word_1_130' title='bbox 462 1617 598 1677; x_wconf 86' lang='lat' dir='ltr'><strong>exerceri</strong></span> <span class='ocrx_word' id='word_1_131' title='bbox 614 1633 718 1693; x_wconf 89' lang='lat' dir='ltr'><strong>posse,</strong></span> <span class='ocrx_word' id='word_1_132' title='bbox 735 1625 765 1678; x_wconf 91' lang='lat' dir='ltr'><strong>et</strong></span> <span class='ocrx_word' id='word_1_133' title='bbox 780 1619 830 1678; x_wconf 93' lang='lat' dir='ltr'><strong>ubi</strong></span> <span class='ocrx_word' id='word_1_134' title='bbox 846 1618 980 1693; x_wconf 89' lang='lat' dir='ltr'><strong>publica·</strong></span> 
     </span>
     <span class='ocr_line' id='line_1_18' title="bbox 23 1699 980 1777; baseline 0.007 -23"><span class='ocrx_word' id='word_1_135' title='bbox 23 1711 65 1758; x_wconf 89' lang='lat' dir='ltr'><strong>nus</strong></span> <span class='ocrx_word' id='word_1_136' title='bbox 78 1708 163 1772; x_wconf 88' lang='lat' dir='ltr'><strong>esset,</strong></span> <span class='ocrx_word' id='word_1_137' title='bbox 183 1699 228 1760; x_wconf 91' lang='lat' dir='ltr'><strong>ibi</strong></span> <span class='ocrx_word' id='word_1_138' title='bbox 243 1707 294 1761; x_wconf 89' lang='lat' dir='ltr'><strong>aut</strong></span> <span class='ocrx_word' id='word_1_139' title='bbox 312 1700 360 1760; x_wconf 93' lang='lat' dir='ltr'><strong>ius</strong></span> <span class='ocrx_word' id='word_1_140' title='bbox 378 1701 533 1777; x_wconf 89' lang='lat' dir='ltr'><strong>publicum</strong></span> <span class='ocrx_word' id='word_1_141' title='bbox 549 1715 661 1760; x_wconf 91' lang='lat' dir='ltr'><strong>vanum</strong></span> <span class='ocrx_word' id='word_1_142' title='bbox 675 1707 728 1760; x_wconf 89' lang='lat' dir='ltr'><strong>aut</strong></span> <span class='ocrx_word' id='word_1_143' title='bbox 741 1700 908 1761; x_wconf 90' lang='lat' dir='ltr'><strong>libertatem</strong></span> <span class='ocrx_word' id='word_1_144' title='bbox 929 1716 980 1761; x_wconf 87' lang='lat' dir='ltr'><strong>so·</strong></span> 
     </span>
     <span class='ocr_line' id='line_1_19' title="bbox 22 1779 980 1861; baseline 0.003 -23"><span class='ocrx_word' id='word_1_145' title='bbox 22 1779 63 1842; x_wconf 89' lang='lat' dir='ltr'><strong>ciis</strong></span> <span class='ocrx_word' id='word_1_146' title='bbox 75 1785 181 1843; x_wconf 92' lang='lat' dir='ltr'><strong>nullam</strong></span> <span class='ocrx_word' id='word_1_147' title='bbox 196 1799 281 1844; x_wconf 87' lang='lat' dir='ltr'><strong>esse.</strong></span> <span class='ocrx_word' id='word_1_148' title='bbox 300 1799 340 1844; x_wconf 90' lang='lat' dir='ltr'><strong>ne</strong></span> <span class='ocrx_word' id='word_1_149' title='bbox 355 1785 442 1860; x_wconf 93' lang='lat' dir='ltr'><strong>ipsos</strong></span> <span class='ocrx_word' id='word_1_150' title='bbox 459 1784 581 1861; x_wconf 92' lang='lat' dir='ltr'><strong>quidem</strong></span> <span class='ocrx_word' id='word_1_151' title='bbox 593 1784 781 1843; x_wconf 87' lang='lat' dir='ltr'><strong>Macedonas</strong></span> <span class='ocrx_word' id='word_1_152' title='bbox 799 1784 880 1843; x_wconf 91' lang='lat' dir='ltr'><strong>idem</strong></span> <span class='ocrx_word' id='word_1_153' title='bbox 893 1798 980 1843; x_wconf 90' lang='lat' dir='ltr'><strong>exer-</strong></span> 
     </span>
     <span class='ocr_line' id='line_1_20' title="bbox 23 1865 980 1944; baseline 0.005 -23"><span class='ocrx_word' id='word_1_154' title='bbox 23 1877 75 1924; x_wconf 89' lang='lat' dir='ltr'><strong>cere</strong></span> <span class='ocrx_word' id='word_1_155' title='bbox 93 1883 201 1942; x_wconf 79' lang='lat' dir='ltr'><strong>posse:</strong></span> <span class='ocrx_word' id='word_1_156' title='bbox 231 1867 283 1928; x_wconf 92' lang='lat' dir='ltr'><strong>ubi</strong></span> <span class='ocrx_word' id='word_1_157' title='bbox 304 1867 334 1926; x_wconf 95' lang='lat' dir='ltr'><strong>in</strong></span> <span class='ocrx_word' id='word_1_158' title='bbox 351 1867 452 1928; x_wconf 90' lang='lat' dir='ltr'><strong>medio</strong></span> <span class='ocrx_word' id='word_1_159' title='bbox 465 1867 581 1944; x_wconf 89' lang='lat' dir='ltr'><strong>praeda</strong></span> <span class='ocrx_word' id='word_1_160' title='bbox 594 1865 873 1927; x_wconf 75' lang='lat' dir='ltr'><strong>administrantibus</strong></span> <span class='ocrx_word' id='word_1_161' title='bbox 888 1874 980 1939; x_wconf 83' lang='lat' dir='ltr'><strong>esset,</strong></span> 
     </span>
     <span class='ocr_line' id='line_1_21' title="bbox 23 1944 981 2027; baseline 0.005 -23"><span class='ocrx_word' id='word_1_162' title='bbox 23 1944 52 2006; x_wconf 89' lang='lat' dir='ltr'><strong>bi</strong></span> <span class='ocrx_word' id='word_1_163' title='bbox 75 1967 237 2027; x_wconf 89' lang='lat' dir='ltr'><strong>numquam</strong></span> <span class='ocrx_word' id='word_1_164' title='bbox 265 1967 377 2012; x_wconf 85' lang='lat' dir='ltr'><strong>causas</strong></span> <span class='ocrx_word' id='word_1_165' title='bbox 406 1951 591 2013; x_wconf 87' lang='lat' dir='ltr'><strong>seditionum</strong></span> <span class='ocrx_word' id='word_1_166' title='bbox 616 1955 647 2009; x_wconf 93' lang='lat' dir='ltr'><strong>et</strong></span> <span class='ocrx_word' id='word_1_167' title='bbox 667 1948 840 2010; x_wconf 86' lang='lat' dir='ltr'><strong>certaminis</strong></span> <span class='ocrx_word' id='word_1_168' title='bbox 865 1949 981 2010; x_wconf 90' lang='lat' dir='ltr'><strong>delore.</strong></span> 
     </span>
     <span class='ocr_line' id='line_1_22' title="bbox 23 2032 981 2110; baseline 0.004 -22"><span class='ocrx_word' id='word_1_169' title='bbox 23 2043 158 2094; x_wconf 86' lang='lat' dir='ltr'><strong>commune</strong></span> <span class='ocrx_word' id='word_1_170' title='bbox 173 2035 336 2096; x_wconf 91' lang='lat' dir='ltr'><strong>consilium</strong></span> <span class='ocrx_word' id='word_1_171' title='bbox 350 2035 449 2110; x_wconf 80' lang='lat' dir='ltr'><strong>gentis</strong></span> <span class='ocrx_word' id='word_1_172' title='bbox 464 2040 557 2108; x_wconf 85' lang='lat' dir='ltr'><strong>esset,</strong></span> <span class='ocrx_word' id='word_1_173' title='bbox 578 2049 618 2094; x_wconf 90' lang='lat' dir='ltr'><strong>ne</strong></span> <span class='ocrx_word' id='word_1_174' title='bbox 632 2032 804 2108; x_wconf 90' lang='lat' dir='ltr'><strong>improbum</strong></span> <span class='ocrx_word' id='word_1_175' title='bbox 817 2035 928 2107; x_wconf 76' lang='lat' dir='ltr'><strong>vulgus</strong></span> <span class='ocrx_word' id='word_1_176' title='bbox 942 2032 981 2092; x_wconf 92' lang='lat' dir='ltr'><strong>ab</strong></span> 
     </span>
     <span class='ocr_line' id='line_1_23' title="bbox 24 2116 982 2195; baseline 0.002 -23"><span class='ocrx_word' id='word_1_177' title='bbox 24 2124 109 2178; x_wconf 85' lang='lat' dir='ltr'><strong>senatu</strong></span> <span class='ocrx_word' id='word_1_178' title='bbox 122 2119 263 2180; x_wconf 87' lang='lat' dir='ltr'><strong>Romano</strong></span> <span class='ocrx_word' id='word_1_179' title='bbox 279 2120 444 2195; x_wconf 89' lang='lat' dir='ltr'><strong>aliquando</strong></span> <span class='ocrx_word' id='word_1_180' title='bbox 459 2117 627 2178; x_wconf 89' lang='lat' dir='ltr'><strong>libertatem</strong></span> <span class='ocrx_word' id='word_1_181' title='bbox 645 2116 759 2177; x_wconf 90' lang='lat' dir='ltr'><strong>salubri</strong></span> <span class='ocrx_word' id='word_1_182' title='bbox 774 2117 982 2178; x_wconf 90' lang='lat' dir='ltr'><strong>moderatione</strong></span> 
     </span>
     <span class='ocr_line' id='line_1_24' title="bbox 24 2196 981 2279; baseline 0.003 -23"><span class='ocrx_word' id='word_1_183' title='bbox 24 2196 101 2260; x_wconf 77' lang='lat' dir='ltr'><strong>muni</strong></span> <span class='ocrx_word' id='word_1_184' title='bbox 115 2203 154 2262; x_wconf 89' lang='lat' dir='ltr'><strong>ad</strong></span> <span class='ocrx_word' id='word_1_185' title='bbox 168 2201 323 2263; x_wconf 90' lang='lat' dir='ltr'><strong>licentiam</strong></span> <span class='ocrx_word' id='word_1_186' title='bbox 338 2203 529 2279; x_wconf 87' lang='lat' dir='ltr'><strong>pestilentem</strong></span> <span class='ocrx_word' id='word_1_187' title='bbox 543 2201 684 2261; x_wconf 90' lang='lat' dir='ltr'><strong>traheret.</strong></span> <span class='ocrx_word' id='word_1_188' title='bbox 720 2200 751 2260; x_wconf 89' lang='lat' dir='ltr'><strong>in</strong></span> <span class='ocrx_word' id='word_1_189' title='bbox 772 2206 914 2277; x_wconf 89' lang='lat' dir='ltr'><strong>quattuor</strong></span> <span class='ocrx_word' id='word_1_190' title='bbox 932 2214 981 2260; x_wconf 90' lang='lat' dir='ltr'><strong>re·</strong></span> 
     </span>
     <span class='ocr_line' id='line_1_25' title="bbox 23 2280 981 2360; baseline 0.002 -18"><span class='ocrx_word' id='word_1_191' title='bbox 23 2280 108 2354; x_wconf 69' lang='lat' dir='ltr'><strong>pones</strong></span> <span class='ocrx_word' id='word_1_192' title='bbox 121 2285 258 2348; x_wconf 89' lang='lat' dir='ltr'><strong>describi</strong></span> <span class='ocrx_word' id='word_1_193' title='bbox 271 2285 493 2359; x_wconf 88' lang='lat' dir='ltr'><strong>Macedoniam,</strong></span> <span class='ocrx_word' id='word_1_194' title='bbox 508 2293 542 2346; x_wconf 90' lang='lat' dir='ltr'><strong>ut</strong></span> <span class='ocrx_word' id='word_1_195' title='bbox 555 2300 645 2345; x_wconf 88' lang='lat' dir='ltr'><strong>suum</strong></span> <span class='ocrx_word' id='word_1_196' title='bbox 661 2299 804 2360; x_wconf 88' lang='lat' dir='ltr'><strong>quaeque</strong></span> <span class='ocrx_word' id='word_1_197' title='bbox 819 2282 981 2345; x_wconf 89' lang='lat' dir='ltr'><strong>concilium</strong></span> 
     </span>
     <span class='ocr_line' id='line_1_26' title="bbox 23 2361 981 2446; baseline 0.005 -24"><span class='ocrx_word' id='word_1_198' title='bbox 23 2361 138 2443; x_wconf 90' lang='lat' dir='ltr'><strong>haberet,</strong></span> <span class='ocrx_word' id='word_1_199' title='bbox 162 2369 291 2446; x_wconf 89' lang='lat' dir='ltr'><strong>placuit,</strong></span> <span class='ocrx_word' id='word_1_200' title='bbox 315 2377 345 2430; x_wconf 91' lang='lat' dir='ltr'><strong>ct</strong></span> <span class='ocrx_word' id='word_1_201' title='bbox 365 2369 521 2430; x_wconf 88' lang='lat' dir='ltr'><strong>dimidium</strong></span> <span class='ocrx_word' id='word_1_202' title='bbox 534 2368 636 2429; x_wconf 89' lang='lat' dir='ltr'><strong>tributi</strong></span> <span class='ocrx_word' id='word_1_203' title='bbox 652 2384 744 2444; x_wconf 90' lang='lat' dir='ltr'><strong>quam</strong></span> <span class='ocrx_word' id='word_1_204' title='bbox 759 2368 844 2444; x_wconf 91' lang='lat' dir='ltr'><strong>quod</strong></span> <span class='ocrx_word' id='word_1_205' title='bbox 856 2367 981 2443; x_wconf 81' lang='lat' dir='ltr'><strong>regibus</strong></span> 
     </span>
     <span class='ocr_line' id='line_1_27' title="bbox 24 2445 981 2529; baseline 0.005 -25"><span class='ocrx_word' id='word_1_206' title='bbox 24 2445 84 2510; x_wconf 85' lang='lat' dir='ltr'><strong>terre</strong></span> <span class='ocrx_word' id='word_1_207' title='bbox 97 2454 175 2516; x_wconf 89' lang='lat' dir='ltr'><strong>soliti</strong></span> <span class='ocrx_word' id='word_1_208' title='bbox 197 2460 296 2527; x_wconf 87' lang='lat' dir='ltr'><strong>erant,</strong></span> <span class='ocrx_word' id='word_1_209' title='bbox 321 2454 437 2529; x_wconf 91' lang='lat' dir='ltr'><strong>populo</strong></span> <span class='ocrx_word' id='word_1_210' title='bbox 458 2454 597 2513; x_wconf 89' lang='lat' dir='ltr'><strong>Romano</strong></span> <span class='ocrx_word' id='word_1_211' title='bbox 619 2453 765 2528; x_wconf 89' lang='lat' dir='ltr'><strong>pendere.</strong></span> <span class='ocrx_word' id='word_1_212' title='bbox 802 2449 913 2511; x_wconf 89' lang='lat' dir='ltr'><strong>similia</strong></span> <span class='ocrx_word' id='word_1_213' title='bbox 932 2449 981 2509; x_wconf 90' lang='lat' dir='ltr'><strong>his</strong></span> 
     </span>
     <span class='ocr_line' id='line_1_28' title="bbox 23 2534 980 2616; baseline 0.003 -27"><span class='ocrx_word' id='word_1_214' title='bbox 23 2534 62 2590; x_wconf 85' lang='grc' dir='ltr'><strong>ιι</strong></span> <span class='ocrx_word' id='word_1_215' title='bbox 56 2549 80 2592; x_wconf 90' lang='lat' dir='ltr'><strong>rn</strong></span> <span class='ocrx_word' id='word_1_216' title='bbox 93 2536 248 2616; x_wconf 80' lang='lat' dir='ltr'><strong>Illyricum</strong></span> <span class='ocrx_word' id='word_1_217' title='bbox 263 2539 414 2597; x_wconf 91' lang='lat' dir='ltr'><strong>mandata</strong></span> <span class='ocrx_word' id='word_1_218' title='bbox 438 2537 561 2597; x_wconf 89' lang='lat' dir='ltr'><strong>cetera</strong></span> <span class='ocrx_word' id='word_1_219' title='bbox 553 2535 631 2611; x_wconf 82' lang='lat' dir='ltr'><strong>ipsis</strong></span> <span class='ocrx_word' id='word_1_220' title='bbox 648 2534 884 2609; x_wconf 85' lang='lat' dir='ltr'><strong>imperatoribus</strong></span> <span class='ocrx_word' id='word_1_221' title='bbox 898 2534 980 2606; x_wconf 77' lang='lat' dir='ltr'><strong>lega-</strong></span> 
     </span>
    </p>

    <p class='ocr_par' dir='ltr' id='par_1_3' title="bbox 23 2613 981 2766">
     <span class='ocr_line' id='line_1_29' title="bbox 24 2613 981 2698; baseline -0.001 -24"><span class='ocrx_word' id='word_1_222' title='bbox 24 2613 103 2692; x_wconf 82' lang='lat' dir='ltr'><strong>tisque</strong></span> <span class='ocrx_word' id='word_1_223' title='bbox 116 2621 275 2693; x_wconf 73' lang='lat' dir='ltr'><strong>relictam</strong></span> <span class='ocrx_word' id='word_1_224' title='bbox 291 2621 401 2698; x_wconf 89' lang='lat' dir='ltr'><strong>quibus</strong></span> <span class='ocrx_word' id='word_1_225' title='bbox 418 2635 567 2696; x_wconf 89' lang='lat' dir='ltr'><strong>praesens</strong></span> <span class='ocrx_word' id='word_1_226' title='bbox 581 2618 720 2678; x_wconf 86' lang='lat' dir='ltr'><strong>tractatio</strong></span> <span class='ocrx_word' id='word_1_227' title='bbox 734 2632 837 2677; x_wconf 87' lang='lat' dir='ltr'><strong>rerum</strong></span> <span class='ocrx_word' id='word_1_228' title='bbox 851 2613 981 2675; x_wconf 86' lang='lat' dir='ltr'><strong>certiora</strong></span> 
     </span>
     <span class='ocr_line' id='line_1_30' title="bbox 23 2699 405 2766; baseline 0.022 -11"><span class='ocrx_word' id='word_1_229' title='bbox 23 2699 175 2764; x_wconf 83' lang='lat' dir='ltr'><strong>subiectura</strong></span> <span class='ocrx_word' id='word_1_230' title='bbox 189 2711 256 2765; x_wconf 94' lang='lat' dir='ltr'><strong>erat</strong></span> <span class='ocrx_word' id='word_1_231' title='bbox 268 2705 405 2766; x_wconf 90' lang='lat' dir='ltr'><strong>consilia.</strong></span> 
     </span>
    </p>

    <p class='ocr_par' dir='ltr' id='par_1_4' title="bbox 24 2783 984 3528">
     <span class='ocr_line' id='line_1_31' title="bbox 87 2783 982 2884; baseline -0.008 -36"><span class='ocrx_word' id='word_1_232' title='bbox 87 2785 161 2848; x_wconf 84' lang='lat' dir='ltr'><strong>xlx.</strong></span> <span class='ocrx_word' id='word_1_233' title='bbox 185 2789 267 2848; x_wconf 88' lang='lat' dir='ltr'><strong>lnter</strong></span> <span class='ocrx_word' id='word_1_234' title='bbox 281 2789 391 2849; x_wconf 89' lang='lat' dir='ltr'><strong>multas</strong></span> <span class='ocrx_word' id='word_1_235' title='bbox 406 2803 513 2884; x_wconf 80' lang='lat' dir='ltr'><strong>regum</strong></span> <span class='ocrx_word' id='word_1_236' title='bbox 529 2785 726 2861; x_wconf 81' lang='lat' dir='ltr'><strong>gentiumque</strong></span> <span class='ocrx_word' id='word_1_237' title='bbox 747 2789 779 2844; x_wconf 88' lang='lat' dir='ltr'><strong>et</strong></span> <span class='ocrx_word' id='word_1_238' title='bbox 798 2783 982 2859; x_wconf 91' lang='lat' dir='ltr'><strong>populorum</strong></span> 
     </span>
     <span class='ocr_line' id='line_1_32' title="bbox 24 2863 984 2946; baseline -0.001 -19"><span class='ocrx_word' id='word_1_239' title='bbox 24 2863 170 2940; x_wconf 79' lang='lat' dir='ltr'><strong>legationes</strong></span> <span class='ocrx_word' id='word_1_240' title='bbox 181 2872 311 2946; x_wconf 80' lang='lat' dir='ltr'><strong>Attalus</strong></span> <span class='ocrx_word' id='word_1_241' title='bbox 327 2873 420 2930; x_wconf 85' lang='lat' dir='ltr'><strong>irater</strong></span> <span class='ocrx_word' id='word_1_242' title='bbox 429 2885 512 2945; x_wconf 83' lang='lat' dir='ltr'><strong>regis</strong></span> <span class='ocrx_word' id='word_1_243' title='bbox 523 2869 678 2944; x_wconf 81' lang='lat' dir='ltr'><strong>Eumenis</strong></span> <span class='ocrx_word' id='word_1_244' title='bbox 694 2883 825 2928; x_wconf 82' lang='lat' dir='ltr'><strong>maxime</strong></span> <span class='ocrx_word' id='word_1_245' title='bbox 834 2866 984 2928; x_wconf 80' lang='lat' dir='ltr'><strong>convertit</strong></span> 
     </span>
     <span class='ocr_line' id='line_1_33' title="bbox 25 2943 982 3029; baseline 0.004 -23"><span class='ocrx_word' id='word_1_246' title='bbox 25 2943 89 3012; x_wconf 87' lang='lat' dir='ltr'><strong>inse</strong></span> <span class='ocrx_word' id='word_1_247' title='bbox 103 2955 235 3014; x_wconf 92' lang='lat' dir='ltr'><strong>omnium</strong></span> <span class='ocrx_word' id='word_1_248' title='bbox 256 2957 364 3016; x_wconf 90' lang='lat' dir='ltr'><strong>oculus</strong></span> <span class='ocrx_word' id='word_1_249' title='bbox 380 2953 571 3028; x_wconf 87' lang='lat' dir='ltr'><strong>animosque.</strong></span> <span class='ocrx_word' id='word_1_250' title='bbox 607 2959 755 3029; x_wconf 90' lang='lat' dir='ltr'><strong>exceptus</strong></span> <span class='ocrx_word' id='word_1_251' title='bbox 775 2951 856 3012; x_wconf 93' lang='lat' dir='ltr'><strong>enim</strong></span> <span class='ocrx_word' id='word_1_252' title='bbox 876 2957 925 3012; x_wconf 89' lang='lat' dir='ltr'><strong>est</strong></span> <span class='ocrx_word' id='word_1_253' title='bbox 943 2950 982 3011; x_wconf 90' lang='lat' dir='ltr'><strong>ab</strong></span> 
     </span>
     <span class='ocr_line' id='line_1_34' title="bbox 24 3027 982 3112; baseline 0.002 -20"><span class='ocrx_word' id='word_1_254' title='bbox 24 3027 58 3092; x_wconf 89' lang='lat' dir='ltr'><strong>his</strong></span> <span class='ocrx_word' id='word_1_255' title='bbox 60 3037 128 3110; x_wconf 88' lang='lat' dir='ltr'><strong>,qui</strong></span> <span class='ocrx_word' id='word_1_256' title='bbox 142 3037 232 3099; x_wconf 92' lang='lat' dir='ltr'><strong>simul</strong></span> <span class='ocrx_word' id='word_1_257' title='bbox 244 3053 281 3099; x_wconf 89' lang='lat' dir='ltr'><strong>eo</strong></span> <span class='ocrx_word' id='word_1_258' title='bbox 293 3039 374 3099; x_wconf 91' lang='lat' dir='ltr'><strong>bello</strong></span> <span class='ocrx_word' id='word_1_259' title='bbox 385 3037 596 3111; x_wconf 85' lang='lat' dir='ltr'><strong>militaverunt,</strong></span> <span class='ocrx_word' id='word_1_260' title='bbox 612 3036 695 3098; x_wconf 87' lang='lat' dir='ltr'><strong>haud</strong></span> <span class='ocrx_word' id='word_1_261' title='bbox 707 3038 799 3112; x_wconf 91' lang='lat' dir='ltr'><strong>paulo</strong></span> <span class='ocrx_word' id='word_1_262' title='bbox 809 3035 982 3112; x_wconf 82' lang='lat' dir='ltr'><strong>benignius,</strong></span> 
     </span>
     <span class='ocr_line' id='line_1_35' title="bbox 24 3120 982 3218; baseline 0.005 -44"><span class='ocrx_word' id='word_1_263' title='bbox 24 3131 96 3188; x_wconf 86' lang='lat' dir='ltr'><strong>quam</strong></span> <span class='ocrx_word' id='word_1_264' title='bbox 116 3121 143 3180; x_wconf 92' lang='lat' dir='ltr'><strong>si</strong></span> <span class='ocrx_word' id='word_1_265' title='bbox 163 3123 233 3218; x_wconf 83' lang='lat' dir='ltr'><strong>ipse</strong></span> <span class='ocrx_word' id='word_1_266' title='bbox 252 3137 309 3182; x_wconf 84' lang='lat' dir='ltr'><strong>rex</strong></span> <span class='ocrx_word' id='word_1_267' title='bbox 327 3122 479 3182; x_wconf 86' lang='lat' dir='ltr'><strong>Eumenes</strong></span> <span class='ocrx_word' id='word_1_268' title='bbox 502 3120 646 3181; x_wconf 89' lang='lat' dir='ltr'><strong>venisset.</strong></span> <span class='ocrx_word' id='word_1_269' title='bbox 691 3121 883 3182; x_wconf 89' lang='lat' dir='ltr'><strong>adduxerant</strong></span> <span class='ocrx_word' id='word_1_270' title='bbox 912 3133 982 3179; x_wconf 90' lang='lat' dir='ltr'><strong>eum</strong></span> 
     </span>
     <span class='ocr_line' id='line_1_36' title="bbox 24 3195 982 3282; baseline 0.004 -27"><span class='ocrx_word' id='word_1_271' title='bbox 24 3195 124 3264; x_wconf 89' lang='lat' dir='ltr'><strong>duaein</strong></span> <span class='ocrx_word' id='word_1_272' title='bbox 138 3205 275 3281; x_wconf 89' lang='lat' dir='ltr'><strong>speciem</strong></span> <span class='ocrx_word' id='word_1_273' title='bbox 291 3205 440 3266; x_wconf 88' lang='lat' dir='ltr'><strong>honestae</strong></span> <span class='ocrx_word' id='word_1_274' title='bbox 454 3221 516 3282; x_wconf 90' lang='lat' dir='ltr'><strong>res,</strong></span> <span class='ocrx_word' id='word_1_275' title='bbox 538 3220 600 3264; x_wconf 89' lang='lat' dir='ltr'><strong>una</strong></span> <span class='ocrx_word' id='word_1_276' title='bbox 617 3205 778 3280; x_wconf 75' lang='lat' dir='ltr'><strong>gratulatio</strong></span> <span class='ocrx_word' id='word_1_277' title='bbox 794 3203 982 3266; x_wconf 88' lang='lat' dir='ltr'><strong>conveniens</strong></span> 
     </span>
     <span class='ocr_line' id='line_1_37' title="bbox 24 3282 982 3365; baseline -0.002 -22"><span class='ocrx_word' id='word_1_278' title='bbox 24 3277 88 3345; x_wconf 78' lang='lat' dir='ltr'><strong>inea</strong></span> <span class='ocrx_word' id='word_1_279' title='bbox 103 3288 244 3363; x_wconf 77' lang='lat' dir='ltr'><strong>victoria,</strong></span> <span class='ocrx_word' id='word_1_280' title='bbox 268 3305 360 3365; x_wconf 89' lang='lat' dir='ltr'><strong>quam</strong></span> <span class='ocrx_word' id='word_1_281' title='bbox 380 3288 448 3364; x_wconf 90' lang='lat' dir='ltr'><strong>ipse</strong></span> <span class='ocrx_word' id='word_1_282' title='bbox 469 3287 653 3361; x_wconf 88' lang='lat' dir='ltr'><strong>adiuvisset,</strong></span> <span class='ocrx_word' id='word_1_283' title='bbox 676 3289 771 3348; x_wconf 87' lang='lat' dir='ltr'><strong>altera</strong></span> <span class='ocrx_word' id='word_1_284' title='bbox 792 3282 982 3362; x_wconf 88' lang='lat' dir='ltr'><strong>querimonia</strong></span> 
     </span>
     <span class='ocr_line' id='line_1_38' title="bbox 25 3361 981 3449; baseline 0.004 -29"><span class='ocrx_word' id='word_1_285' title='bbox 25 3361 111 3429; x_wconf 81' lang='lat' dir='ltr'><strong>Gallici</strong></span> <span class='ocrx_word' id='word_1_286' title='bbox 123 3375 267 3434; x_wconf 90' lang='lat' dir='ltr'><strong>tumultus</strong></span> <span class='ocrx_word' id='word_1_287' title='bbox 283 3379 494 3449; x_wconf 88' lang='lat' dir='ltr'><strong>acceptaeque</strong></span> <span class='ocrx_word' id='word_1_288' title='bbox 508 3372 620 3444; x_wconf 86' lang='lat' dir='ltr'><strong>cladis,</strong></span> <span class='ocrx_word' id='word_1_289' title='bbox 643 3389 705 3447; x_wconf 89' lang='lat' dir='ltr'><strong>qua</strong></span> <span class='ocrx_word' id='word_1_290' title='bbox 725 3385 853 3445; x_wconf 73' lang='lat' dir='ltr'><strong>regnum</strong></span> <span class='ocrx_word' id='word_1_291' title='bbox 874 3368 904 3426; x_wconf 92' lang='lat' dir='ltr'><strong>in</strong></span> <span class='ocrx_word' id='word_1_292' title='bbox 926 3366 981 3426; x_wconf 93' lang='lat' dir='ltr'><strong>du</strong></span> 
     </span>
     <span class='ocr_line' id='line_1_39' title="bbox 25 3442 980 3528; baseline 0.006 -25"><span class='ocrx_word' id='word_1_293' title='bbox 25 3442 88 3510; x_wconf 85' lang='lat' dir='ltr'><strong>bium</strong></span> <span class='ocrx_word' id='word_1_294' title='bbox 101 3455 263 3517; x_wconf 91' lang='lat' dir='ltr'><strong>adductum</strong></span> <span class='ocrx_word' id='word_1_295' title='bbox 278 3465 371 3518; x_wconf 79' lang='lat' dir='ltr'><strong>essct</strong></span> <span class='ocrx_word' id='word_1_296' title='bbox 409 3457 533 3517; x_wconf 88' lang='lat' dir='ltr'><strong>suberat</strong></span> <span class='ocrx_word' id='word_1_297' title='bbox 556 3463 587 3516; x_wconf 91' lang='lat' dir='ltr'><strong>et</strong></span> <span class='ocrx_word' id='word_1_298' title='bbox 607 3463 726 3516; x_wconf 88' lang='lat' dir='ltr'><strong>secreta</strong></span> <span class='ocrx_word' id='word_1_299' title='bbox 740 3467 814 3528; x_wconf 93' lang='lat' dir='ltr'><strong>spes</strong></span> <span class='ocrx_word' id='word_1_300' title='bbox 829 3451 980 3511; x_wconf 91' lang='lat' dir='ltr'><strong>bonorum</strong></span> 
     </span>
    </p>
   </div>
   <div class='ocr_carea' id='block_1_3' title="bbox 0 0 1188 3858">
    <p class='ocr_par' dir='ltr' id='par_1_5' title="bbox 0 0 1188 3858">
     <span class='ocr_line' id='line_1_40' title="bbox 0 0 1188 3858; baseline 0 0"><span class='ocrx_word' id='word_1_301' title='bbox 0 0 1188 3858; x_wconf 95' lang='lat' dir='ltr'><strong> </strong></span> 
     </span>
    </p>
   </div>
  </div>
 </body>
</html>
