2364 3862
209 213 325 274 Llltlilt
339 211 443 272 xLlV.
468 212 844 293 ctP.ea.es.[u.c.1oe]
957 211 1019 276 241

123 361 258 422 XXXIV.
285 361 371 422 Haec
392 377 461 422 cum
481 362 523 423 ite
542 362 609 424 lieri
630 365 753 440 placere
767 367 911 428 conbone
924 365 1020 428 advo·

47 453 108 506 cata
118 446 357 522 pronuntiasset,
373 446 485 506 adiecit
494 445 631 507 urbanae
641 448 776 510 conburi
789 449 1021 510 convenientem

45 529 218 592 orationem.
247 545 341 590 unum
363 530 577 604 imperatorem
595 529 626 590 in
649 532 786 592 exercitu
806 531 972 608 providero
993 538 1024 593 et

47 615 206 675 consulere
228 613 303 688 quid
323 613 476 686 agendum
492 613 532 673 sit
551 613 681 690 debere,
703 630 786 676 nunc
800 632 857 691 per
871 630 921 690 se,
942 630 1024 676 nunc

45 711 109 758 eum
121 698 170 770 iis,
192 712 272 771 quos
288 696 446 756 advocarit
459 695 490 756 in
507 695 685 768 consilium
708 697 761 774 qui
775 715 837 760 non
852 698 915 760 sint
927 699 1022 760 advo-

45 783 106 852 cati,
121 798 179 842 eos
195 795 253 840 nec
268 780 369 855 palam
384 793 445 848 neo¹
457 785 577 842 secreto
592 780 705 843 iactare
719 781 849 844 consiliu
863 797 930 842 sua.
946 781 1023 843 mili·

43 872 97 924 em
106 865 186 926 haec
197 862 259 924 tria
267 877 376 923 curare
387 863 510 938 debere,
526 879 641 940 corpus
652 872 687 926 ut
698 881 789 940 quam
801 863 1023 928 validissimum

43 955 71 1009 et
88 947 335 1025 pernicissimum
355 945 481 1022 habeat,
502 962 587 1008 anna
600 954 688 1023 apta,
710 948 811 1010 cibum
826 955 965 1024 paratum
983 950 1024 1010 ad

43 1032 137 1094 subita
156 1030 302 1108 imperim
330 1035 433 1092 catera
452 1031 533 1092 scire
554 1031 594 1092 de
613 1047 649 1092 se
670 1031 730 1094 diis
750 1033 969 1094 immortalibus
993 1041 1023 1094 et

41 1115 214 1191 imperatori
229 1130 287 1178 suo
300 1129 393 1176 curae
407 1127 487 1174 esse.
509 1113 540 1174 iu
554 1132 616 1190 quo
627 1115 764 1177 exercitu
775 1116 886 1178 milites
898 1117 1021 1178 consul·

42 1205 113 1275 tent,
139 1199 309 1275 imperator
328 1196 502 1259 rumoribus
522 1199 606 1274 vulgi
625 1199 863 1275 circumagatur,
887 1199 928 1260 ibi
949 1199 1023 1259 nihil

42 1283 174 1345 salutare
188 1298 271 1344 csse.
293 1296 338 1354 se,
355 1281 440 1357 quod
455 1282 495 1343 sit
508 1282 645 1344 officium
660 1281 865 1358 imperatoris,
880 1283 1022 1358 provisu-

3 1407 4 1410 =
42 1383 113 1443 mm,
128 1373 163 1428 ut
176 1367 256 1428 bene
270 1366 426 1441 gerendae
438 1365 484 1426 rei
499 1366 696 1430 occasionem
711 1366 750 1428 iis
765 1367 929 1444 praebeam
951 1368 1021 1428 illos

42 1450 110 1512 nibil
123 1451 197 1526 quid
209 1451 343 1512 futurum
355 1449 396 1510 sit
406 1465 556 1525 quaerere
568 1451 699 1521 deberea
721 1450 773 1513 ubi
784 1453 888 1514 datum
900 1453 1022 1528 signum

42 1535 85 1609 sit,
97 1543 163 1596 tum
179 1534 338 1595 militarem
354 1547 479 1609 operam
493 1550 617 1595 navare.
638 1535 740 1596 ebitis
755 1534 932 1612 praeceptis
947 1552 1021 1596 con·
1058 1575 1060 1583 ι

42 1618 150 1680 ionem
173 1617 301 1692 dimisit,
324 1619 417 1692 vulgo
439 1619 529 1678 etiam
551 1619 704 1680 veteranis
727 1620 892 1681 latentibus
913 1636 949 1680 se
969 1620 1022 1680 illo

43 1703 168 1776 primum
183 1701 249 1777 die,
270 1707 426 1776 tamquam
439 1701 571 1777 tirones,
589 1702 662 1778 quid
676 1703 830 1778 agendum
845 1709 930 1764 esset
943 1703 973 1762 in
987 1719 1022 1763 re

3 1777 5 1800 '
43 1785 158 1846 militari
169 1783 327 1847 didicisse.
343 1801 406 1846 non
418 1786 612 1848 sermonibus
625 1793 741 1848 tantum
752 1785 810 1860 bis,
825 1801 894 1846 cum
906 1793 1021 1860 quanto

43 1869 177 1931 adsensu
187 1869 350 1930 audissent
356 1869 451 1932 verba
462 1870 609 1945 consulis,
622 1869 839 1940 ostenderunt;
852 1869 909 1928 sed
920 1884 1022 1930 rerum

44 1969 188 2027 praescus
203 1953 331 2014 effectus
347 1960 420 2014 erat.
436 1954 587 2014 neminem
599 1954 670 2014 totis
679 1969 752 2015 mox
764 1952 873 2014 castris
887 1953 1021 2026 quietum

44 2037 176 2098 uueres=
195 2050 308 2098 acuere
321 2037 372 2097 alii
386 2036 517 2112 gladios,
532 2036 582 2097 alii
596 2037 702 2112 galeas
714 2038 934 2112 bucculasque,
950 2051 1021 2097 scu·

46 2126 136 2181 torum
152 2120 168 2158 *
183 2120 244 2195 alii,
264 2120 314 2180 alii
329 2120 441 2181 loricas
456 2127 584 2196 tergere,
602 2121 652 2180 alii
667 2127 773 2196 aptare
788 2121 911 2196 corpori
926 2135 1020 2193 arma,

6 2187 8 2290 ζ
44 2205 232 2281 experirique
253 2204 311 2264 sub
332 2204 381 2264 his
402 2204 605 2264 membrorum
621 2204 799 2280 agilitatem,
822 2210 950 2281 quatere
970 2202 1033 2264 alii·

6 2295 9 2408 l
45 2287 1022 2434 laetilttltttllelleltlulttllttltlt

8 2463 10 2504 Ι
45 2455 163 2516 occasio
181 2387 299 2529 ’essetf'
307 2461 360 2514 aut
372 2455 501 2515 victoria
515 2390 639 2531 egreglis
653 2390 715 2516 aut1
719 2462 817 2516 morte
831 2452 1021 2514 memorabili

8 2505 11 2628 l
45 2537 177 2600 imbues
197 2538 321 2598 bellum.
343 2538 476 2598 Perseus
495 2554 621 2614 quoque
642 2555 711 2599 cum
732 2538 867 2599 adventu
882 2536 1019 2596 consulis

9 2635 12 2686 l
46 2621 125 2682 simtu
147 2628 179 2682 et
198 2621 280 2682 veris
303 2621 455 2697 principio
471 2629 609 2698 strepere
625 2621 727 2682 omnia
741 2620 920 2694 moverique
935 2619 1020 2694 apud

10 2707 12 2793 j
46 2701 142 2766 hostes
163 2706 250 2766 velut
265 2721 349 2766 novo
369 2706 450 2766 bello
465 2712 619 2780 comeret,
639 2710 723 2766 mota
742 2703 858 2764 aPhila
873 2707 973 2767 castra
987 2701 1021 2763 in

11 2807 12 2866 p
46 2787 169 2850 adversa
182 2790 252 2864 ripa
263 2789 373 2864 posita,
390 2803 473 2850 nunc
484 2790 525 2850 ad
537 2789 773 2865 contemplanda
784 2802 881 2862 opera
892 2802 949 2848 sua
961 2786 1018 2847 cir-

11 2871 14 2954 l,
46 2873 150 2933 cumbe
165 2874 286 2947 ducem,
301 2871 385 2932 haud
400 2873 492 2934 dubie
506 2874 652 2935 transitus
667 2871 879 2948 speculantem

12 2973 14 3006 Ι

12 3017 14 3042 ’
48 3052 146 3100 norum
158 3053 242 3100 esse.
263 3039 384 3102 XXXV.
400 3055 481 3115 quae
491 3055 543 3102 res
553 3040 701 3100 Romanis
713 3041 798 3100 auxit
809 3041 938 3115 animos,
954 3041 1017 3101 Ma·

13 3139 14 3148 ¹
48 3121 205 3184 calonibus
227 3123 356 3200 regique
376 3139 482 3184 eorum
502 3123 585 3184 haud
606 3123 791 3184 mediocrem
812 3124 909 3186 attulit
922 3132 1018 3185 terro-

14 3277 15 3281 *
48 3217 109 3265 rem.
130 3214 161 3268 et
179 3207 281 3282 primo
302 3208 494 3282 supprimere
509 3207 539 3268 iu
561 3209 681 3268 occulto
697 3208 809 3268 lamam
829 3209 895 3268 eius
910 3208 955 3266 rei
970 3213 1020 3267 est

48 3296 163 3352 conatus
185 3291 306 3364 missis,
331 3292 382 3367 qui
396 3291 603 3352 Pantauchum
622 3291 695 3352 inde
714 3291 886 3351 venientem
902 3304 1018 3364 appro-

15 3389 16 3394 ’
49 3367 186 3448 linquere
206 3376 317 3438 castris
337 3382 486 3436 vetarent.
510 3377 567 3435 sed
587 3375 647 3434 iam
669 3382 699 3435 et
713 3373 801 3450 pueri
816 3371 941 3448 quidam
955 3368 1018 3430 visi

16 3509 18 3525 .
49 3453 80 3512 ab
97 3457 159 3520 suis
181 3467 269 3521 erant
289 3458 368 3522 inter
388 3459 655 3535 obsides'lllyrios
671 3459 770 3525 ducti;
798 3461 828 3514 et
843 3468 903 3528 quo
920 3467 1014 3528 quae-

83 3556 105 3598 τ.
120 3557 179 3602 tlvt
195 3560 272 3602 runs
287 3544 325 3600 V.
772 3543 806 3594 16
