2424 3872
164 191 206 256 aa
271 177 415 252 'traca
433 191 565 251 xxxix.
589 190 672 251 oar.
685 197 786 252 mas.
808 196 844 266 [a.
859 195 893 248 υ.
906 195 1004 262 asar]

160 346 302 408 omnibus
317 345 355 406 iis
370 343 553 418 civitatibus,
570 344 680 419 quibus
694 354 766 404 'cum
780 358 854 418 rego
869 342 1050 418 disceptatio
1066 353 1143 416 crat,

159 430 322 490 concilium
335 428 481 489 indictum
498 432 555 488 est.
575 427 669 486 XXV.
691 425 816 487 ibicum
832 427 960 488 Romani
974 428 1064 502 legati
1080 426 1144 488 dis·

159 520 350 589 ceptatorum
376 513 460 585 loco,
486 509 625 570 Thessali
653 509 879 586 Perrhaebique
905 517 936 572 et
954 510 1144 572 Athamanes

158 596 243 658 haud
264 596 348 656 dubii
368 601 581 667 accusatores,
601 592 761 669 Philippus
782 593 822 654 ad
843 593 998 654 audienda
1017 594 1146 654 crimina

158 689 313 756 tamquam
334 694 406 740 reus
429 677 657 750 consedissent,
680 693 736 751 pro
751 677 873 751 ingenio
890 678 1022 753 quisque
1037 693 1147 739 eorum

159 765 212 838 qui
227 761 384 839 principes
399 761 583 836 legationum
599 769 685 822 erant
699 765 729 819 et
743 759 840 835 gratio
853 776 923 821 cum
935 760 1075 836 Philippo
1094 770 1147 822 aut

159 847 232 907 odio
254 846 395 906 acerbius
416 844 556 906 leniusve
576 850 712 921 egerunt.
741 845 771 902 in
787 842 1028 905 conhovcrsiam
1043 851 1147 905 autem

158 930 324 990 veniebant
336 928 560 1005 Philippopolis
575 928 681 988 Tricca
695 926 835 988 Phaloria
854 933 886 988 et
897 927 1094 1006 Eurymenae
1115 936 1147 988 et

147 1021 259 1073 cetera
275 1013 356 1072 circa
371 1027 425 1072 eas
441 1012 557 1088 oppida
570 1019 670 1073 utrum
685 1011 902 1072 Thessalorum
917 1011 1005 1084 iuris,
1028 1027 1097 1072 cum
1114 1012 1147 1072 vi

157 1096 319 1172 ademptae
342 1111 574 1171 possessaeque
591 1095 632 1155 ab
647 1095 766 1156 Aetolis
784 1096 884 1156 forent
894 1127 936 1138 -
946 1111 1016 1154 nam
1030 1095 1147 1170 Philip·

157 1197 232 1255 pum
245 1181 364 1240 Aetolis
385 1180 539 1240 ademisse
559 1195 613 1239 eas
629 1179 790 1240 constabat
801 1209 859 1252 —‚
881 1195 920 1238 an
934 1179 1074 1240 Aetolica
1089 1195 1147 1240 an-

156 1263 284 1340 tiquitus
298 1280 337 1325 ea
352 1263 468 1340 oppida
482 1262 628 1323 luissent:
650 1263 692 1323 ita
706 1263 785 1322 enim
796 1261 927 1322 Acilium
937 1262 1003 1337 regi
1014 1278 1147 1323 conces-

157 1348 248 1421 sisse,
266 1345 294 1407 si
307 1348 488 1408 Aetolomm
503 1347 641 1418 luissent
658 1347 684 1406 si
698 1346 868 1419 voluntate,
883 1361 945 1405 non
961 1345 989 1406 si
1004 1345 1033 1405 vi
1049 1353 1146 1420 atque

156 1431 249 1491 armis
268 1432 366 1492 coacti
390 1447 458 1490 cum
474 1429 592 1490 Aetolis
610 1436 725 1490 essent
757 1429 895 1489 eiusdem
913 1429 1061 1490 formulae
1080 1429 1146 1490 dis-

157 1513 289 1589 ceptatio
314 1513 354 1573 de
379 1512 621 1574 Perrhaeborum
651 1512 889 1588 Magnetumque
920 1511 1042 1588 oppidis
1069 1511 1144 1573 inita

157 1599 292 1659 omnium
313 1597 393 1656 enim
414 1598 482 1656 iura
495 1595 687 1672 possidendo
702 1611 758 1670 per
773 1595 956 1657 occasiones
970 1596 1073 1656 Aetoli
1087 1597 1146 1656 mi·

156 1687 310 1741 acuerant.
342 1680 488 1752 adhaec,
512 1695 592 1756 quae
613 1678 844 1754 disceptationis
863 1686 964 1750 erant,
986 1681 1145 1754 querellae

154 1764 373 1826 Thessalorum
388 1763 542 1836 adiectae,
564 1764 647 1838 quod
661 1778 698 1822 ea
713 1762 843 1838 oppida,
860 1762 887 1821 si
902 1761 962 1821 iam
975 1761 1145 1822 redderen-

155 1856 205 1909 tur
220 1849 289 1922 sibi‚
303 1845 436 1922 spoliata
446 1862 483 1906 ac
495 1846 618 1906 deserta
629 1845 804 1907 redditurus
816 1852 915 1905 esseta
937 1861 1006 1905 nam
1020 1853 1148 1921 praeter

38 1953 42 1964 ’
155 1931 227 1992 belli
249 1931 372 1992 casibus
393 1929 527 1991 amissos
550 1932 733 2006 quingentos
755 1928 911 2005 principes
932 1928 1096 1988 iuventutis
1112 1929 1145 1988 in

154 2013 367 2075 Macedoniam
382 2013 565 2085 abduxisse,
587 2020 616 2072 et
632 2028 727 2088 opera
742 2028 847 2073 eorum
863 2011 893 2070 in
909 2010 1073 2072 servilibus
1089 2012 1146 2072 ab·
1188 2039 1192 2042 ·

155 2097 198 2158 uti
214 2097 405 2164 ministeriis;
428 2104 457 2156 et
472 2111 551 2168 quae
565 2095 733 2155 reddiderit
747 2103 873 2155 coactus
887 2094 1060 2166 Thessalis,
1075 2095 1148 2158 iuu-

157 2179 219 2239 tilia
230 2186 262 2239 ut
273 2179 417 2238 redderet
428 2193 565 2238 curasse.
586 2177 707 2244 Thebas
718 2177 842 2238 Phthias
853 2195 948 2240 unum
959 2177 1146 2240 maritimum

156 2263 327 2337 emporium
345 2261 442 2321 luisse
461 2262 616 2336 quondam
629 2260 786 2323 Thessalis
797 2262 1021 2338 'quaestuosum
1036 2269 1067 2322 et
1081 2264 1146 2322 iru-

155 2347 301 2420 gileruma
328 2344 370 2404 ibi
390 2344 520 2406 navibus
543 2344 691 2405 onerariis
714 2345 898 2422 comparatis
919 2361 1038 2420 regem,
1061 2361 1145 2421 quae

156 2437 279 2504 practer
292 2428 413 2488 Thebas
427 2428 651 2489 Demetriadem
666 2443 790 2490 cursum
805 2429 984 2504 dirigerent,
1002 2427 1135 2504 negotia·

155 2514 269 2574 tionem
289 2512 468 2572 maritimam
490 2528 610 2573 omnem
625 2528 662 2572 eo
678 2513 837 2574 avertisse.
868 2513 928 2573 iam
944 2528 983 2573 ne
998 2529 1016 2572 a
1031 2513 1145 2587 legatis

156 2597 295 2673 quidem,
311 2596 363 2672 qui
376 2595 443 2657 iane
457 2595 592 2670 gentium
607 2596 704 2656 sancti
719 2597 789 2671 sint,
803 2596 954 2657 violandis
970 2595 1144 2656 abstineres

154 2680 283 2741 insidias
303 2681 422 2756 positas
438 2680 579 2740 euntibus
594 2680 634 2740 ad
647 2679 679 2738 T.
696 2680 875 2754 Quinctium.
903 2678 1007 2755 itaque
1022 2695 1096 2754 ergo
1112 2679 1145 2740 in

153 2770 271 2824 tantum
285 2772 398 2824 metum
414 2780 520 2824 omnes
535 2764 701 2824 Thmsalos
716 2761 883 2836 coniectae,
899 2771 933 2825 ut
946 2779 1010 2824 non
1023 2763 1055 2822 in
1067 2761 1145 2822 civi-

154 2845 268 2906 tatibus
284 2846 359 2919 suis,
376 2862 437 2906 non
449 2847 479 2906 in
491 2846 705 2907 communibus
715 2846 815 2920 gentis
827 2846 965 2906 conciliis
977 2846 1146 2922 quisquam

155 2927 277 2989 hiscere
302 2929 423 2988 audeat.
461 2930 570 3003 procul
594 2929 675 2989 enim
695 2928 808 2989 abesse
829 2929 976 2990 libertatis
996 2937 1145 2990 auctores

154 3011 328 3072 Romanosa
343 3013 429 3072 lateri
441 3012 609 3073 adhaerere
618 3028 742 3087 gravem
754 3012 919 3088 dominum,
927 3013 1146 3088 prohibentem

154 3094 198 3156 uti
218 3094 376 3156 beneficiis
398 3095 505 3171 populi
518 3096 656 3157 Romani.
691 3095 767 3171 quid
786 3105 901 3172 autem,
922 3096 950 3156 si
968 3113 1031 3158 vox
1044 3095 1146 3156 libera

154 3194 216 3240 non
235 3179 289 3252 sit,
311 3177 439 3246 liberum
454 3186 547 3240 esset
568 3196 650 3240 nunc
664 3195 700 3240 se
714 3179 828 3242 fiducia
842 3187 872 3240 et
885 3180 1041 3255 praesidio
1057 3181 1144 3254 lega·

156 3268 255 3322 torum
269 3263 470 3337 ingemiscere
485 3263 583 3338 magis
599 3280 692 3339 quam
705 3264 800 3339 loqui.
821 3263 882 3324 nisi
893 3263 1076 3339 provideant
1086 3262 1143 3322 ali-

157 3345 393 3420 quidilanem,
417 3363 478 3423 quo
499 3354 529 3406 et
551 3346 675 3408 Graecis
696 3346 910 3408 Macedoniam
930 3345 1143 3408 accolentibus

155 3436 254 3489 metus
272 3437 301 3490 et
322 3431 451 3491 audacia
465 3429 596 3506 Philippi
617 3431 782 3505 minuatur,
804 3431 992 3508 nequiquam
1011 3429 1144 3492 atillam
