2368 3858
170 209 233 271 316
341 208 537 268 ΕΡΙΤΟΜΑΕ
552 209 756 270 LiBRORUM
773 209 979 272 cxi—cxvi.

168 357 287 416 paeaidlia
307 360 355 400 eine
376 371 425 401 eum
445 370 523 412 magna
538 359 602 400 clade
615 359 718 400 direraae
731 359 806 453 gartia
820 359 955 410 expugnati·
968 358 1081 400 obeidione
1094 358 1143 400 libe

166 417 237 464 ratua,
254 415 365 456 translato
381 412 547 455 in'lbeaealiam
562 413 629 464 balio,
644 413 729 468 apudP
746 413 851 453 araaliam
864 414 913 453 acie
929 414 1001 456 rietur
1014 416 1057 454 eat.
1073 413 1143 456 Cicero

167 470 190 510 ln
206 469 418 518 cutrlaremane1t‚
440 470 473 508 rir
491 465 546 509 albii
565 469 638 508 minua
653 478 718 519 quana
733 467 763 508 ad
777 466 837 506 belia
851 469 928 516 nataae
948 467 1093 520 omnibusque
1111 467 1143 507 ad-

168 533 281 564 venarum
296 523 400 577 partium,
416 523 494 573 quiae
509 522 615 574 potestati
630 523 721 562 victoria
736 522 893 574 pernumerant,
909 521 992 562 eacan
1005 521 1097 573 ignovit.

221 576 289 620 cxli.
310 576 438 629 Trepidatio
453 576 561 616 victarum
576 577 670 627 partium
690 577 713 617 in
728 575 830 616 divertar
843 575 905 615 urbia
918 579 1025 616 terrarum
1041 578 1115 627 partea
1126 578 1147 615 et

166 632 219 683 luga
233 629 368 671 reseruntur.
389 630 431 674 Cu.
447 630 567 682 Pompelua
582 641 630 670 cum
645 633 768 683 Aegyptum
783 629 890 682 petinet,
906 629 967 669 iuaau
983 629 1104 670 Ptolemaei
1117 639 1145 669 re·

165 685 200 736 gia
215 683 306 738 pupilli,
322 687 412 725 auctore
427 681 541 724 Theodoto
556 688 707 737 praeceptore,
722 684 785 724 cuiue
799 681 859 734 apud
873 693 947 734 regem
962 694 1040 735 magna
1055 688 1102 723 erat
1114 695 1145 724 au·

166 740 272 787 ctoriae,
287 740 311 778 et
325 737 430 788 Potbino,
451 738 539 778 oeciaua
553 740 589 778 eat
602 739 630 777 ab
645 737 745 788 Achilla,
766 737 801 777 cui
817 736 840 777 id
854 737 942 777 lacinua
956 741 1003 778 erat
1017 737 1145 789 delegatum,

166 793 187 832 r'n
207 790 323 841 navicula,
342 795 462 844 antequam
484 793 505 832 in
527 793 608 831 terram
627 793 706 832 exiret.
727 790 830 832 Cornelia
851 801 904 830 uxor
925 793 949 831 et
963 791 1017 832 Sex.
1032 790 1146 842 Pompelua

164 845 224 886 diiua
239 846 329 898 cypron
344 846 480 898 refugerunt.
500 844 583 886 Caeaar
597 848 649 898 pont
662 845 752 886 tertium
767 845 825 885 diem
839 845 968 894 insecutae,
983 857 1033 886 cum
1049 847 1070 886 ei
1084 845 1146 886 Theo

165 900 233 940 dotua
248 904 315 952 caput
330 900 430 952 Pompeii
446 903 468 940 et
482 899 573 941 anulum
587 899 719 950 obtuliaaet‚
739 900 836 940 ollenaua
849 901 885 938 eat
899 901 922 940 et
936 899 1094 949 illacrimarit5
1113 912 1146 938 nec

165 953 214 994 aine
234 953 333 1007 periculo
353 953 516 995 Alexandream
536 953 705 994 tumultuantem
727 953 828 996 intravit.
848 951 930 993 Caeaar
951 953 1048 1000 dictator
1067 957 1146 994 creatur

165 1007 307 1058 cleopatram
322 1009 344 1048 in
364 1019 455 1060 reguum
470 1009 566 1060 Aegypti
580 1008 682 1056 reduxit,
702 1010 725 1048 et
739 1006 870 1048 inserentem
885 1007 968 1048 bellum
983 1007 1065 1048 liudem
1078 1012 1145 1047 aucte

165 1062 228 1102 ribus
236 1061 396 1113 Ptolemaeum,
412 1063 494 1114 quibua
506 1063 634 1114 Pompeium
650 1062 797 1110 interiecerat,
813 1072 862 1100 cum
877 1072 956 1112 magno
969 1071 1011 1102 auo
1028 1061 1146 1102 discrimine

164 1116 227 1158 vicit.
243 1116 389 1158 Ptolemaeua
404 1116 455 1156 dum
470 1116 533 1169 fugit,
549 1116 631 1157 lniillo
646 1116 749 1157 navicula
763 1113 872 1155 subsedit.
888 1119 1006 1168 praeterea
1018 1117 1146 1157 laboriosum

163 1169 196 1212 Μ,
212 1169 304 1211 Catonia
320 1173 343 1212 ln
358 1171 432 1213 Africa
447 1181 486 1223 per
501 1170 589 1212 decerta
604 1181 653 1211 cum
672 1169 797 1222 legionibua
812 1170 865 1218 lter,
884 1172 907 1210 et
922 1169 1007 1210 bellum
1020 1182 1034 1210 a
1051 1170 1092 1213 Gn.
1107 1169 1145 1210 lto·

163 1223 226 1264 ruitio
241 1225 350 1266 advereua
365 1223 501 1267 Pharnacem
516 1235 593 1280 parum
607 1235 714 1278 proapere
728 1226 814 1276 gestum
829 1224 937 1266 continet.

218 1279 296 1320 cxlii.
318 1279 457 1321 Confirmatia
478 1281 498 1319 ln
520 1278 596 1321 Africa
610 1279 751 1330 Pompeiania
765 1277 879 1330 partibor,
901 1279 1017 1330 imperium
1032 1279 1138 1319 earumi’

163 1331 264 1385 Scipioni
280 1333 378 1375 delatum
393 1338 428 1375 eet
442 1333 540 1382 Catone,
561 1335 597 1375 cui
612 1343 727 1385 exaequo
742 1331 883 1372 deserebatur
898 1333 1026 1385 imperium,
1050 1333 1144 1375 cedente.

163 1389 185 1426 et
204 1397 254 1427 eum
274 1387 302 1428 de
323 1387 431 1428 diruenda
452 1388 505 1428 urbe
521 1387 584 1428 Utica
598 1390 690 1439 propter
705 1387 802 1427 savorem
819 1385 917 1427 civitatis
932 1387 981 1427 eiua
996 1387 1017 1427 ln
1032 1386 1144 1428 Caesarem

163 1438 338 1490 deliberaretur,
355 1441 422 1493 idque
437 1453 464 1481 ne
478 1441 541 1482 tieret
556 1442 586 1482 Μ.
602 1442 657 1484 Cato
671 1443 792 1490 tenuisset,
808 1440 862 1480 iuba
875 1441 997 1491 euadente,
1014 1443 1038 1481 ut
1054 1441 1137 1481 diruere

162 1498 211 1543 tur,
231 1494 302 1534 tutela
317 1497 366 1535 eiua
380 1499 403 1536 et
417 1494 520 1536 custodia
535 1495 638 1536 mandata
653 1500 687 1537 eat
702 1496 789 1538 Catoni.
810 1493 851 1535 Gn.
867 1495 988 1547 Pompeius
1002 1495 1079 1547 biagni
1093 1495 1144 1536 fiiiur

163 1548 185 1586 in
201 1547 308 1600 lliepania
328 1550 450 1590 eontractir
465 1549 562 1599 viribus,
581 1560 674 1601 quarum
689 1549 793 1590 ducatum
808 1560 850 1590 nee
863 1549 969 1589 Afranius
990 1561 1031 1589 nec
1045 1550 1143 1591 Petreiur

163 1602 269 1653 excipere
284 1601 401 1652 volebant,
421 1603 505 1644 bellum
520 1603 628 1645 adveraua
642 1605 760 1646 Caesarem
775 1604 898 1647 renovavit.
919 1603 1048 1644 Pharnacea
1063 1603 1142 1644 Mithri-

163 1655 222 1696 datia
239 1655 306 1707 dilue,
321 1667 362 1698 rex
373 1657 445 1706 Ponti,
461 1658 510 1698 eine
525 1658 571 1700 ulla
586 1658 641 1700 beili
655 1669 717 1699 mora
732 1659 804 1699 victua
817 1661 859 1700 eet.
875 1658 1143 1699 cumaeditioueaRomae

161 1721 175 1749 a
189 1710 215 1751 P.
231 1709 353 1752 Dolabella
366 1713 456 1753 tribuno
472 1712 555 1764 plebia,
573 1712 644 1764 legem
660 1712 743 1753 lerente
758 1713 786 1752 de
800 1713 863 1752 novis
878 1713 973 1763 tabulie‚
989 1713 1101 1752 excitatae
1114 1721 1142 1751 ee

162 1766 225 1814 rent,
249 1769 271 1805 et
286 1776 356 1806 exea
371 1777 439 1808 cauea
458 1765 524 1819 plebe
543 1766 728 1815 tumultuaretur,
748 1765 843 1807 inducti!
856 1778 870 1806 a
884 1766 915 1810 Μ.
932 1767 1028 1808 Antonio
1045 1766 1143 1816 magistro

162 1817 260 1870 equitum
277 1820 299 1860 ln
315 1820 391 1862 urbem
406 1821 516 1862 militibus
531 1822 652 1873 octingenti
668 1820 695 1861 de
710 1821 776 1874 plebe
791 1822 849 1861 caesi
865 1823 925 1862 eunt.
943 1822 1143 1862 caesarvetarauir

162 1883 211 1912 cum
226 1873 338 1914 reditione
353 1877 479 1916 mlaaiunem
496 1874 661 1928 postulantibus
677 1873 750 1924 dedit3
765 1877 788 1914 et
802 1886 851 1914 cum
866 1877 888 1914 in
900 1873 999 1915 Africam
1014 1874 1141 1923 traiecisset,

161 1926 271 1968 adveraua
286 1929 364 1980 copiae
379 1930 444 1970 iubae
459 1932 519 1980 regia
534 1941 583 1970 curn
598 1929 725 1970 diacrirnina
740 1940 817 1981 magno
833 1930 947 1980 pugnavit.

216 1981 292 2024 CXIV.
311 1983 397 2024 Bellum
412 1986 434 2024 ln
449 1984 514 2036 Syria
529 1984 640 2025 Caecilius
655 1983 739 2023 Bataua
751 1994 821 2035 aquea
834 1983 946 2024 Romanus
962 1983 1141 2035 Pompeianarum

161 2036 258 2088 partium
272 2038 379 2077 excitavit
393 2037 471 2077 relicto
486 2050 499 2079 a
513 2037 601 2088 legione
616 2037 669 2078 Sex.
680 2037 781 2088 caenare,
796 2047 853 2088 quae
867 2035 895 2076 ad
910 2036 1003 2077 Baseum
1019 2038 1139 2082 transierat,

161 2090 280 2141 occisoque
294 2102 329 2131 eu.
346 2091 429 2131 Caeear
438 2091 565 2144 Scipionem
581 2095 703 2144 praetorem
718 2090 831 2131 Afranium
845 2091 966 2142 iubamque
980 2093 1036 2132 vicit
1051 2092 1080 2131 ad
1091 2091 1140 2130 Tha·

162 2152 226 2195 peum
240 2145 321 2184 matria
336 2154 411 2184 eorum
426 2146 568 2198 expugnatis.
591 2147 647 2188 cato
662 2146 738 2186 audita
753 2155 776 2185 re
791 2155 879 2186 cumae
896 2145 1047 2197 percuaaiaeet
1063 2146 1140 2190 Uticae.

161 2199 183 2236 et
198 2197 362 2237 interveniente
376 2197 422 2238 dlio
438 2201 566 2249 curaretur,
581 2202 639 2240 inter
652 2199 723 2252 ipram
739 2200 874 2241 curationem
888 2201 985 2239 rescisso
1001 2200 1095 2240 vulnere
1108 2209 1140 2239 ex·

160 2250 1141 2360 titile'i:⁰..·.⁰{²‘.i·..i¹:.·l:tt.‘.⁸¹b⁰.battitiis:”ttetttitblfizit
1182 2303 1183 2306 κ

161 2358 261 2399 rentibua
280 2358 337 2399 euim
359 2360 514 2410 imperatorem
530 2360 631 2402 hostibus
646 2363 703 2403 dixit
722 2363 859 2415 „imperator
872 2372 897 2402 se
912 2362 968 2402 bene
982 2360 1076 2402 babet·¹
1091 2361 1140 2400 Fau·

159 2416 210 2452 atua
225 2415 248 2453 et
262 2413 367 2454 Afraniua
381 2415 457 2458 oeciai.
482 2417 573 2458 Catonia
587 2417 632 2456 lilio
647 2417 711 2457 venia
725 2415 784 2459 data.
804 2417 886 2457 Brutus
901 2417 989 2468 legatur
1004 2417 1107 2458 caeram
1120 2416 1140 2453 in

160 2466 233 2507 Gallia
249 2467 382 2509 Bellovacos
396 2469 532 2511 rebellantes
547 2470 631 2523 proelio
647 2471 708 2511 vicit.

214 2521 278 2563 CXV.
294 2523 376 2564 Caetar
390 2527 496 2575 quattuor
509 2523 634 2578 triumpboa
648 2523 718 2574 duxit,
734 2535 763 2564 ex
778 2524 858 2573 Gallie,
874 2536 903 2565 ex
917 2527 1028 2577 Aegypto,
1044 2536 1072 2566 ex
1085 2525 1139 2564 Pon·

159 2579 191 2625 tu,
206 2588 235 2617 ex
248 2575 332 2620 Atrlca.
354 2578 443 2630 epulum
459 2582 482 2620 et
496 2580 568 2621 omnia
582 2579 670 2632 generis
687 2578 817 2632 spectacula
832 2578 902 2618 dedit.
921 2579 953 2620 Μ.
969 2579 1077 2621 Marcello
1091 2589 1137 2618 cun-

158 2629 235 2680 auiarl,
250 2635 329 2672 uenatu
344 2636 448 2684 rogante,
467 2633 564 2675 reditum
576 2633 699 2682 conectam
720 2643 764 2685 quo
780 2632 886 2674 beneflcio
901 2635 950 2673 eiua
964 2633 1084 2674 Marcellus
1100 2632 1139 2671 lrul

159 2696 203 2725 non
218 2686 302 2739 potuit,
322 2696 336 2725 a
351 2686 479 2740 Cn.1liagto
494 2687 572 2729 Cilone
586 2687 668 2728 cliente
682 2697 722 2727 auo
738 2685 831 2728 Atbenia
845 2687 939 2728 occiana.
958 2697 1074 2728 recensum
1088 2687 1137 2736 egit,

159 2749 203 2792 quo
224 2749 291 2780 cenea
307 2743 360 2780 aunt
378 2742 458 2783 civium
478 2743 551 2795 capita
570 2746 658 2782 centum
673 2742 834 2794 quinquaginta
849 2743 918 2784 milia.
938 2741 1054 2792 proiectus
1068 2741 1090 2780 in
1104 2739 1136 2780 lii·
1181 2739 1182 2744 ’

157 2793 258 2844 spaniam
277 2793 387 2834 adverada
407 2795 447 2837 Cn.
462 2796 603 2849 Pompeium,
626 2795 703 2836 multia
717 2797 827 2848 utrimque
842 2796 1024 2848 expeditionibus
1039 2794 1104 2835 lactis
1117 2796 1136 2833 et

158 2848 243 2898 aliquot
265 2848 356 2888 urbibua
377 2852 510 2902 expugnatis
532 2860 637 2890 nummum
659 2851 774 2891 victoriam
795 2861 844 2890 cum
865 2861 943 2902 magno
965 2849 1091 2892 discrimine
1111 2846 1136 2887 ad

158 2899 263 2941 Mundam
279 2901 354 2942 urbem
369 2907 500 2944 consecutur
515 2906 557 2946 ert.
573 2903 693 2956 Pompeius
707 2905 792 2944 Sextus
807 2905 891 2955 effugit.

213 2953 288 2996 clivi.
305 2954 388 2996 Caeaar
402 2958 543 3010 exliirpanla
558 2959 658 3008 quintum
674 2958 807 3010 triumphum
822 2959 875 3010 egit.
891 2961 913 2998 et
927 2970 976 3000 eum
991 2959 1081 3012 plurimi
1096 2968 1135 2998 ma·

157 3008 259 3059 xlmique
273 3007 371 3049 bonorea
385 3012 405 3050 el
420 3022 433 3050 a
447 3015 526 3051 eenalu
541 3011 626 3076 decreti
642 3015 723 3062 eareat,
741 3014 799 3053 inter
813 3022 870 3064 quoa
886 3016 909 3052 ut
923 3018 987 3066 pater
1003 3013 1088 3067 patriae
1101 3023 1134 3063 rp-

156 3061 1134 3172 titillari.tibist?tziti‘tittbbttiltzz‘b.'l.ls²2.t¹¹.⁸:t

157 3169 234 3212 aedem
249 3170 341 3210 Veneria
356 3171 479 3213 Genetricis
499 3172 599 3223 eederet,
622 3185 666 3214 non
684 3175 825 3225 adsurrexit,
845 3177 867 3215 et
888 3176 948 3226 quod
967 3188 980 3216 a
997 3177 1029 3218 Μ.
1044 3175 1133 3217 Antonin

157 3225 249 3266 conauie
263 3224 349 3276 college
363 3235 415 3275 auo,
431 3227 488 3267 inter
501 3228 616 3280 Lupercos
630 3233 743 3277 currente,
759 3228 861 3270 diadema
875 3231 943 3282 capiti
958 3241 998 3270 eno
1014 3231 1133 3283 impoaitun

156 3280 179 3320 ln
197 3279 256 3320 aelia
275 3281 374 3332 reposuit
393 3283 415 3320 et
434 3280 494 3333 quod
508 3281 589 3334 Epidio
604 3282 699 3323 Marullo
714 3286 736 3322 et
752 3284 853 3325 caesetio
869 3283 937 3324 Flavo
957 3285 1052 3324 tribunis
1067 3281 1132 3336 plebie

157 3333 262 3374 iuvidiam
281 3334 300 3373 ei
321 3339 432 3385 tamquam
450 3346 540 3387 regnum
560 3335 681 3376 adfectanti
700 3337 841 3378 moventibus
856 3341 957 3389 poteataa
971 3340 1079 3390 abrogata
1094 3340 1130 3377 ert.

157 3396 186 3424 ex
200 3387 227 3426 ila
242 3388 315 3427 cauala
329 3387 492 3438 conrpiretiene
508 3391 529 3428 in
550 3400 598 3428 eum
614 3391 683 3439 lacta,
703 3393 766 3431 culus
781 3392 854 3444 eapite
868 3391 959 3432 luerunt
973 3393 1004 3434 Μ.
1019 3393 1100 3432 Brutus
1113 3393 1132 3428 et

157 3436 182 3477 c.
198 3439 289 3479 Caraiua
305 3443 369 3480 etex
385 3440 489 3482 Caesario
507 3443 607 3492 partibus
622 3442 651 3481 D.
666 3443 748 3483 Brutua
768 3447 790 3484 et
805 3446 830 3487 G.
845 3445 980 3494 Treboniae,
1001 3447 1023 3486 in
1039 3444 1130 3495 Pompeii

157 3491 217 3530 curia
233 3495 318 3532 occirue
334 3498 369 3534 est
384 3495 461 3546 viginti
476 3496 546 3536 tribus
562 3496 702 3544 vulneribus,
724 3503 900 3550 occupatumque
916 3501 943 3539 ab
959 3500 1132 3540 interlectoribua
