2368 3858
254 210 368 272 LIBER
379 211 468 270 XLV.
492 211 630 274 CAP.44.
652 221 687 288 [a.
701 221 732 273 C.
747 222 807 288 167]
962 217 1024 278 299

57 371 254 441 argenteorum
271 365 376 441 pondo
393 365 624 441 quinquaginta.
648 373 677 426 et
692 367 754 428 lilio
769 369 851 443 regis
867 369 1023 430 Nicomedi

55 467 87 509 ex
101 465 134 509 ea
148 465 267 509 summa
280 465 408 510 munera
423 449 489 508 dari
504 457 702 524 censuerunt,
725 467 764 510 ex
781 469 842 527 qua
856 451 1022 526 Masgabae

55 534 107 593 lilio
120 534 199 608 regis
213 532 400 593 Masinissae
415 533 486 592 data
500 540 621 604 essent;
643 542 674 595 et
688 540 722 594 ut
735 534 875 596 victimae
890 536 1021 611 aliaque,

52 633 121 692 quae
134 617 171 676 ad
184 617 368 688 sacrificium
381 618 576 692 pertinerent,
594 633 651 677 seu
662 617 778 678 Romae
790 634 847 679 seu
857 619 1022 680 Praeneste

51 699 194 760 immolare
215 700 321 774 vellet,
344 701 408 775 regi
429 716 469 760 ex
485 700 607 775 publico
624 701 704 762 sicut
718 702 945 775 magistratibus
960 703 1021 764 Ro·

51 783 135 844 manis
148 783 385 859 praeberentur;
408 791 438 842 et
448 791 481 844 ut
492 799 531 843 ex
543 786 652 858 classe,
669 801 749 859 quae
759 786 913 846 Brundisii
928 794 1021 860 esset,

49 883 133 928 naves
144 869 256 942 longae
268 866 374 942 viginti
385 867 629 943 adsignarentur,
643 869 754 944 quibus
763 877 907 944 uteretur,
921 871 1022 932 donec

50 951 82 1010 ad
100 951 227 1011 classem
250 951 334 1011 dono
351 951 453 1010 datam
469 949 497 1010 ei
511 967 567 1010 rex
582 953 789 1026 pervenisset;
811 954 845 1013 L.
861 953 1021 1014 Cornelius

50 1033 140 1109 Scipio
155 1050 194 1093 ne
206 1035 245 1095 ab
258 1049 296 1095 eo
309 1035 500 1107 abscederet,
517 1043 733 1112 sumptumque
744 1036 805 1110 ipsi
817 1043 847 1096 et
858 1038 1021 1098 comitibus

49 1118 209 1192 praeberet,
234 1119 336 1178 donec
357 1133 466 1178 navem
489 1119 731 1181 conscendisset.
762 1122 836 1182 mire
857 1123 968 1181 laetum
984 1135 1021 1179 ea

3 1203 4 1232 ³
48 1200 219 1277 benignitate
234 1203 266 1261 in
282 1218 318 1262 se
332 1202 441 1277 populi
452 1202 581 1263 Romani
596 1219 699 1278 regem
712 1203 808 1264 luisse
820 1205 935 1264 lerunt=
954 1221 1020 1262 mu·

48 1301 110 1344 nera
123 1286 180 1346 sibi
195 1286 259 1362 ipsi
275 1285 334 1345 emi
349 1303 412 1347 non
427 1285 518 1361 sisse,
534 1286 628 1346 fllium
641 1287 772 1348 iussisse
785 1287 898 1348 donum
913 1287 1019 1362 populi

3 1423 5 1426 .
47 1367 162 1430 Romani
184 1370 339 1444 accipere.
364 1369 442 1431 haec
464 1370 502 1429 de
522 1369 629 1430 Prusia
650 1371 746 1432 nostri
761 1372 939 1447 scriptores.
962 1370 1018 1430 Po·

48 1453 137 1528 lybios
156 1470 226 1513 eum
250 1469 354 1528 regem
376 1453 534 1528 indignum
549 1456 708 1516 maiestate
724 1457 855 1517 nominis
869 1455 945 1516 tanti
959 1461 1019 1514 tra-
1058 1451 1068 1460 ”

47 1537 82 1597 dil
105 1538 264 1613 pileatum,
293 1539 394 1612 capite
419 1553 508 1611 raso,
535 1532 658 1598 obviam
682 1540 726 1600 ire
751 1541 859 1616 legatis
885 1541 1018 1612 solitum,

3 1673 4 1676 ,
47 1619 241 1698 libertumque
262 1637 297 1681 se
319 1621 427 1696 populi
441 1621 571 1682 Romani
588 1623 676 1696 serre,
691 1631 721 1684 et
734 1621 805 1684 ideo
822 1624 953 1698 insignia
970 1639 1018 1682 or-

47 1702 114 1765 dinis
128 1706 194 1766 eius
210 1720 339 1780 gerere;
362 1705 479 1765 Romae
492 1721 626 1781 quoque,
643 1721 712 1767 cum
723 1708 840 1768 veniret
851 1709 881 1766 in
893 1707 1017 1778 curiam,

46 1790 225 1850 summisisse
243 1805 287 1863 se,
304 1795 335 1849 et
349 1791 458 1848 osculo
475 1789 565 1849 limen
582 1789 686 1849 euriae
703 1790 879 1864 contigisse,
896 1795 927 1848 et
940 1787 1017 1848 deos

3 1913 5 1948 ;
47 1881 207 1935 servatores
225 1889 303 1934 suos
320 1879 461 1934 senatum
476 1872 661 1948 appellasse,
683 1874 836 1948 aliamque
850 1872 1017 1934 orationem

3 1949 5 1968 ¹
46 1970 97 2016 non
115 1965 175 2018 tam
195 1957 401 2034 honorificam
423 1956 617 2016 audientibus
644 1972 736 2032 quarn
764 1957 822 2016 sibi
849 1955 1017 2016 deformem

3 2102 11 2111 Ἴ,
46 2039 188 2102 habuisse.
211 2048 351 2102 moratus
367 2041 450 2101 circa
464 2040 568 2100 urbem
580 2039 702 2116 triginta
713 2041 795 2101 haud
808 2039 938 2115 amplius
950 2038 1017 2098 dies

3 2189 4 2192 Ἴ
46 2121 69 2181 in
82 2140 204 2201 regnum
222 2133 272 2186 est
286 2126 444 2202 proiectus
460 2121 521 2182 ***.
539 2129 702 2199 actumque
717 2124 747 2182 in
761 2124 837 2184 Asia
851 2123 973 2183 bellum.

418 2383 623 2391 ...-.--.—.—--

183 2624 391 2686 LIBRORUM
411 2622 635 2686 XLVI-CXL
657 2617 863 2679 ΕΡΙΤΟΜΑΕ.

85 2787 158 2834 ΧΙΝΙ.
179 2789 294 2831 Eumenes
308 2799 349 2830 rex
362 2788 454 2830 Romam
472 2791 547 2838 venlt5
567 2789 605 2840 qul
620 2788 672 2839 quia
687 2783 831 2825 Macedonico
846 2778 907 2820 bellu
921 2777 1016 2819 medium

41 2845 116 2891 egerat,
136 2855 165 2884 ne
184 2847 225 2884 aut
242 2842 316 2884 hostla
332 2843 445 2884 iudicatus
465 2843 587 2892 videretur,
609 2844 629 2882 sl
644 2839 833 2886 exclamasset,
854 2837 896 2900 aut
910 2833 1018 2874 liberatus

41 2894 131 2945 uimine,
150 2899 170 2939 sl
186 2897 353 2946 admitteretur,
375 2898 527 2938 incommune
546 2895 584 2936 lex
599 2895 645 2936 lata
660 2897 705 2943 cst,
721 2905 749 2933 ue
764 2891 799 2932 cul
814 2888 964 2954 rcgtlhomam
980 2899 1015 2927 ve-

40 2947 80 2988 ulre
93 2950 177 2992 liceret.
194 2950 303 2994 Claudius
316 2949 438 2992 Marcellus
453 2951 531 2992 consul
546 2949 641 3002 Alpinos
655 2948 744 2995 Gallos,
766 2947 792 2990 C.
808 2943 923 2996 Sulpscrus
938 2941 1018 2985 Gallus

39 3005 107 3044 consul
122 3005 217 3058 Ligures
236 3006 331 3057 subegit.
352 3004 419 3058 legati
434 3006 527 3046 Prusiae
545 3005 604 3056 regis
623 3002 698 3054 questi
712 3003 765 3042 sunt
779 2999 807 3040 dc
822 2999 934 3048 Eumene,
957 2995 1017 3050 quod

39 3053 86 3096 tuas
99 3067 152 3100 suos
167 3059 321 3112 popularetur,
337 3059 487 3111 dixeruntque
502 3069 551 3098 eum
566 3060 708 3110 conspirasse
722 3067 771 3096 curn
787 3051 895 3096 Antiocho
910 3053 1018 3094 adversus

39 3111 137 3161 populum
153 3113 285 3156 Romanum.
302 3114 400 3154 societas
414 3125 463 3153 curn
477 3111 572 3153 Rhodiis
587 3110 759 3164 deprecantibus
774 3111 849 3149 iuncta
863 3109 906 3148 est.
922 3107 1017 3148 lustrum

39 3173 50 3201 a
62 3167 188 3210 censoribus
203 3167 328 3209 conditurus
343 3178 410 3207 censa
424 3170 476 3207 sunt
491 3167 572 3206 clvlum
587 3169 660 3219 capita
674 3167 774 3205 trecenta
790 3164 867 3214 viginti
880 3165 965 3213 septem
977 3159 1016 3198 mi·

39 3214 65 3256 lia
81 3219 159 3272 viginti
179 3221 237 3270 duo;
257 3221 363 3274 princeps
383 3223 475 3260 senatus
494 3219 566 3260 lectus
580 3219 612 3260 Μ.
628 3219 734 3261 Aemilius
748 3217 854 3270 Lepidus.
875 3213 1017 3256 Ptolemaeus

38 3269 125 3324 Aegypti
139 3285 189 3325 rex,
204 3275 284 3328 pulsus
299 3286 394 3327 regnos
409 3275 492 3315 minore
507 3273 583 3321 fratre,
600 3274 673 3314 missis
687 3273 715 3312 ad
730 3283 779 3312 enm
795 3271 875 3322 legatis
890 3269 911 3308 iu
925 3277 1016 3319 reguum

38 3326 149 3368 restitutus
168 3333 210 3372 cst.
231 3328 360 3378 Ariarathe,
381 3328 538 3381 Cappadociae
557 3337 622 3378 rege,
643 3331 729 3367 mortuo
750 3325 810 3366 tillus
824 3327 873 3364 eius
887 3317 1016 3384 Ariarathes

39 3378 123 3430 *egnum
142 3385 240 3436 accepit,
262 3386 285 3424 ct
304 3383 423 3424 amicitiam
443 3393 491 3422 cum
512 3379 596 3432 populo
615 3381 712 3421 Romano
731 3389 772 3431 per
789 3377 877 3429 legatos
890 3375 1015 3416 renovavit.

38 3439 69 3470 m
87 3439 203 3486 praeterea
222 3437 331 3477 adversus
345 3438 439 3488 Ligures
457 3439 480 3476 et
495 3436 577 3477 Corsos
590 3438 613 3474 et
627 3434 747 3476 Lusitanos
761 3433 823 3472 vario
838 3431 1014 3480 emungentes,

39 3487 58 3522 ct
75 3497 147 3530 motus
162 3489 240 3544 Syriae
259 3496 345 3532 mortuo
361 3489 483 3540 Antiocho,
506 3491 544 3541 qut
563 3488 631 3528 lilium
646 3485 778 3528 Antiochum
793 3494 884 3538 pucruur
899 3481 1015 3524 admodum
